
@article{cornell_engineering_1968,
	title = {Engineering Seismic Risk Analysis},
	volume = {58},
	journal = {Bulletin of the Seismological Society of America},
	author = {Cornell, C. A.},
	year = {1968},
	pages = {1583--1606}
}

@article{field_uniform_2009,
	title = {Uniform California Earthquake Rupture Forecast, Version 2 ({UCERF} 2)},
	volume = {99},
	doi = {10.1785/0120080049},
	number = {4},
	journal = {Bulletin of the Seismological Society of America},
	author = {Field, E. H. and Dawson, T E. and Felzer, K. R. and Frankel, A. D. and Gupta, V. and Jordan, T. H. and Parsons, T. and Petersen, M. D. and Stein, R. S. and Weldon II, R. J. and Willis, C. J.},
	year = {2009},
	pages = {2053--2107}
}

@article{field_opensha_2003,
	title = {{OpenSHA} - A developing Community-Modeling Environment for Seismic Hazard Analysis},
	volume = {74},
	journal = {Seism. Res. Lett.},
	author = {Field, E. H. and Jordan, T. H. and Cornell, C. A.},
	year = {2003},
	pages = {406--419}
}

@techreport{petersen_documentation_2008,
	type = {Open File Report},
	title = {Documentation for the 2008 Update of the United States National Seismic Hazard Maps},
	number = {2008-1128},
	institution = {{U.S.} Department of the Interior, {U.S.} Geological Survey},
	author = {Petersen, M. D. and Frankel, A. D. and Harmsen, S. C. and Mueller, C. S. and Haller, K. M. and Wheeler, R. L. and Wesson, R. L. and Yzeng, Y. and Boys, O. S. and Perkins, D. M. and Luco, N. and Field, E. H. and Wills, C. J. and Rukstales, K. S.},
	year = {2008}
}

@techreport{senior_seismic_hazard_analysis_committee_recommendations_1997,
	title = {Recommendations for Probabilistic Seismic Hazard Analysis: Guidance on Uncertainty and Use of Experts},
	number = {{NUREG/CR-6372}, {UCRL-ID-122160}, Vol. 1},
	institution = {Lawrence Livermore National Laboratory},
	author = {{Senior Seismic Hazard Analysis Committee}},
	year = {1997}
}

@unpublished{toro_modification_2002,
	title = {Modification of the Toro Et Al. (1997) Attenuation Equations for Large Magnitudes and Short Distances},
	url = {http://riskeng.com/PDF/atten_toro_extended.pdf},
	author = {Toro, G. R.},
	year = {2002}
}

@article{weichert_estimation_1980,
	title = {Estimation of the earthquake recurrence parameters for unequal observation periods for different magnitudes},
	volume = {70},
	journal = {Bulletin of the Seismological Society of America},
	author = {Weichert, D. H.},
	year = {1980},
	pages = {13371346}
}

@article{aki_maximum_1965,
	title = {Maximum Likelihood Estimate of b in the formula log N = a - b M and its Confidence Limits},
	volume = {43},
	journal = {Bulletin of the Earthquake Research Institute},
	author = {Aki, K.},
	year = {1965},
	pages = {237 -- 239}
}

@article{akkar_empirical_2010,
	title = {Empirical Equations for the Prediction of {PGA}, {PGV}, and Spectral Accelerations in Europe, the Mediterranean Region, and the Middle East},
	volume = {81},
	journal = {Seismological Research Letters},
	author = {Akkar, S. and Bommer, J. J.},
	year = {2010},
	pages = {195--206}
}

@article{baturay_uncertainty_2003,
	title = {Uncertainty and Bias in Ground-Motion Estimates from Ground Response Analyses},
	volume = {93},
	journal = {Bulletin of the Seismological Society of America},
	author = {Baturay, M. B. and Stewart, J. P.},
	year = {2003},
	pages = {2025--2042}
}

@article{bazzurro_ground-motion_2004,
	title = {Ground-Motion Amplification in Nonlinear Soil Sites with Uncertain Properties},
	volume = {94},
	journal = {Bulletin of the Seismological Society of America},
	author = {Bazzurro, P. and Cornell, C. A.},
	year = {2004},
	pages = {2090Ð2109}
}

@article{bird_plate-tectonic_2004,
	title = {Plate-Tectonic Analysis of Shallow Seismicity: Apparent Boundary Width, Beta, Corner Magnitude, Coupled Lithosphere Thickness, and Couping in seven tectonic settings},
	volume = {94(6)},
	journal = {Bulletin of the Seismological Society of America},
	author = {Bird, P. and Kagan, Y. Y.},
	year = {2004},
	pages = {2380 -- 2399}
}

@article{campbell_nga_2008,
	title = {{NGA} Ground Motion Model for the Geometric Mean Horizontal Component of {PGA}, {PGV}, {PGD} and 5\% Damped Linear Elastic Response Spectra for Periods Ranging from 0.01 to 10 s},
	volume = {24},
	number = {1},
	journal = {Earthquake Spectra},
	author = {Campbell, K. W. and Bozorgnia, Y.},
	year = {2008},
	pages = {139--171}
}

@book{crowley_openquake_2011,
	address = {Pavia, Italy},
	title = {{OpenQuake} Book},
	publisher = {{GEM} {FOUNDATION}},
	author = {Crowley, H. and Monelli, D. and Pagani, M. and Silva, V. and Weatherill, G.},
	year = {2011}
}

@article{dowrick_relations_2004,
	title = {Relations Between Earthquake Magnitude and Fault Rupture Dimensions: How Regionally Variable Are They?},
	volume = {94},
	number = {3},
	journal = {Bull. Seism. Soc. Am.},
	author = {Dowrick, D. J. and Rhoades, D. A.},
	year = {2004},
	pages = {776--788}
}

@article{giardini_gshap_1999,
	title = {The {GSHAP} global seismic hazard map},
	volume = {42},
	number = {6},
	journal = {Annali di Geofisica},
	author = {Giardini, D. and Grünthal, G. and Shedlock, K. M. and Zhang, P.},
	year = {1999},
	pages = {1225--1230}
}

@article{joyner_peak_1981,
	title = {Peak horizontal acceleration and velocity from strong-motion records including records from the 1979 Imperial Valley, California, earthquake.},
	volume = {71},
	number = {6},
	journal = {Bull. Seism. Soc. Am.},
	author = {Joyner, W. B. and Boore, D. M.},
	year = {1981},
	pages = {2011--2038}
}

@article{kostrov_seismic_1974,
	title = {Seismic moment and energy of earthquakes and seismic flow of rock},
	volume = {1},
	journal = {Izy Acad. Sci. {USSR} Physics of the Solid Earth},
	author = {Kostrov, V. V.},
	year = {1974},
	pages = {13 -- 21}
}

@article{musson_probabilistic_1999,
	title = {Probabilistic Seismic Hazard Maps for the North Balkan Region},
	volume = {42},
	number = {2},
	journal = {Annali di Geofisica},
	author = {Musson, R. M. W.},
	year = {1999},
	pages = {1109 -- 1124}
}

@article{pagani_seismic-hazard_2007,
	title = {Seismic-Hazard Disaggregation: A Fully Probabilistic Methodology},
	volume = {97},
	doi = {10.1785/0120060126},
	number = {5},
	journal = {Bulletin of the Seismological Society of America},
	author = {Pagani, M. and Marcellini, A.},
	year = {2007},
	pages = {1688--1701}
}

@article{schorlemmer_probability_2008,
	title = {Probability of Detecting an Earthquake},
	volume = {98},
	number = {5},
	journal = {Bulletin of the Seismological Society of America},
	author = {Schorlemmer, D. and Woessner, J.},
	year = {2008},
	pages = {2103 -- 2117}
}

@phdthesis{stepp_investigation_1971,
	title = {An investigation of earthquake risk in the Puget Sound area by the use of the type I distribution of largest extreme},
	school = {Pennsylvania State University},
	author = {Stepp, J. C.},
	year = {1971}
}

@article{woessner_assessing_2005,
	title = {Assessing the quality of earthquake catalogues: estimating the magnitude of completeness and its uncertainty},
	volume = {95},
	number = {2},
	journal = {Bulletin of the Seismological Society of America},
	author = {Woessner, J. and Wiemer, S.},
	year = {2005},
	pages = {684 -- 698}
}

@book{lowman_jr._digital_1998,
	title = {Digital World Tectonic Activity Map ({DTAM)}},
	url = {http://denali.gsfc.nasa.gov/dtam/seismic/},
	urldate = {2014-05-07},
	publisher = {{NASA}},
	author = {Lowman Jr., Paul and Montgomery, Brian},
	year = {1998},
	file = {Digital World Tectonic Activity Map (DTAM):/Users/pirchiner/Library/Application Support/Zotero/Profiles/3ysk42on.default/zotero/storage/J6RMW4F6/seismic.html:text/html;global_pde_mag_all.png:/Users/pirchiner/Library/Application Support/Zotero/Profiles/3ysk42on.default/zotero/storage/GFZMQG76/global_pde_mag_all.png:image/png}
}

@book{usgs_lithospheric_1996,
	title = {Lithospheric Plates Cartography Illustration},
	shorttitle = {Lithospheric plates overview},
	url = {http://pt.wikipedia.org/wiki/Ficheiro:Placas_tect2_pt_BR.svg},
	urldate = {2014-05-07},
	author = {{USGS}},
	year = {1996},
	file = {litho_plates_overview.png:/Users/pirchiner/Library/Application Support/Zotero/Profiles/3ysk42on.default/zotero/storage/FFCKSVVW/litho_plates_overview.png:image/png}
}

@book{vigil_cross_1997,
	title = {A cross section illustrating the main types of plate boundaries.},
	url = {http://pubs.usgs.gov/gip/earthq1/fig13.gif},
	urldate = {2014-05-08},
	author = {Vigil, Jose},
	year = {1997},
	note = {Wall map produced jointly by {USGS}, the Smithsonian Institution, and the {U.S.} Naval Research Laboratory},
	file = {fig13.gif (GIF Image, 775 × 429 pixels) - Scaled (0%):/Users/pirchiner/Library/Application Support/Zotero/Profiles/3ysk42on.default/zotero/storage/26F9B766/fig13.gif:image/gif}
}

@book{team_area_2010,
	title = {Área de ruptura em um falhamento geológico.},
	url = {http://www.opensha.org/sites/opensha.org/files/rupture_surface_lg.png},
	urldate = {2014-05-10},
	author = {team, OpenSHA},
	year = {2010},
	file = {rupture_surface_lg.png (PNG Image, 659 × 571 pixels) - Scaled (74%):/Users/pirchiner/Library/Application Support/Zotero/Profiles/3ysk42on.default/zotero/storage/HTXXVIMH/rupture_surface_lg.png:image/png}
}

@book{gutenberg_seismicity_1954,
	address = {Princeton, New Jersey},
	edition = {2nd},
	title = {Seismicity of the Earth and associated phenomena},
	publisher = {Princeton University Press},
	author = {Gutenberg, Beno and Richter, Charles F.},
	year = {1954},
	keywords = {book, geophysics, seismology}
}

@article{kagan_seismic_2002,
	title = {Seismic moment distribution revisited: I. Statistical results},
	volume = {148},
	issn = {1365-{246X}},
	url = {http://dx.doi.org/10.1046/j.1365-246x.2002.01594.x},
	doi = {10.1046/j.1365-246x.2002.01594.x},
	number = {3},
	journal = {Geophysical Journal International},
	author = {Kagan, Yan Y.},
	year = {2002},
	keywords = {maximum (corner) seismic moment, seismic moment–frequency relation and its universality, tapered {Gutenberg–Richter} law, β-value},
	pages = {520–541}
}

@article{woessner_what_2010,
	title = {What is an instrumental seismicity catalog},
	url = {http://www.corssa.ethz.ch/articles/themeiv/woessner_et_al/woessner_et_al.pdf},
	doi = {10.5078/corssa-38784307},
	urldate = {2014-05-10},
	author = {Woessner, J. and Hardebeck, J. and Hauksson, E.},
	year = {2010},
	file = {woessner_et_al_draft.pdf:/Users/pirchiner/Library/Application Support/Zotero/Profiles/3ysk42on.default/zotero/storage/J5MM7CFF/woessner_et_al_draft.pdf:application/pdf}
}

@book{richter_elementary_1958,
	series = {A Series of books in geology},
	title = {Elementary Seismology},
	url = {http://books.google.com.br/books?id=rtYSAQAAIAAJ},
	publisher = {W. H. Freeman},
	author = {Richter, C.},
	year = {1958},
	lccn = {58005970}
}

@article{richter_instrumental_1935,
	title = {An instrumental earthquake magnitude scale},
	volume = {25},
	url = {http://www.bssaonline.org/content/25/1/1.short},
	number = {1},
	journal = {Bulletin of the Seismological Society of America},
	author = {Richter, Charles F.},
	month = jan,
	year = {1935},
	pages = {1–32}
}

@article{hanks_moment_1979,
	title = {A moment magnitude scale},
	volume = {84},
	issn = {0148-0227},
	url = {http://doi.wiley.com/10.1029/JB084iB05p02348},
	doi = {10.1029/JB084iB05p02348},
	language = {en},
	number = {B5},
	urldate = {2014-05-09},
	journal = {Journal of Geophysical Research},
	author = {Hanks, Thomas C. and Kanamori, Hiroo},
	year = {1979},
	pages = {2348}
}

@article{bakun_estimating_1999,
	title = {Estimating earthquake location and magnitude from seismic intensty data},
	volume = {89},
	url = {http://www.bssaonline.org/content/89/2/557.short},
	number = {2},
	journal = {Bulletin of the Seismological Society of America},
	author = {Bakun, W. H. and Wentworth, C. M.},
	month = apr,
	year = {1999},
	pages = {557–557}
}

@article{woo_kernel_1996,
	title = {Kernel estimation methods for seismic hazard area source modeling},
	volume = {86},
	url = {http://www.bssaonline.org/content/86/2/353.short},
	number = {2},
	urldate = {2014-03-20},
	journal = {Bulletin of the Seismological Society of America},
	author = {Woo, Gordon},
	year = {1996},
	pages = {353–362},
	file = {Woo-1996-BSSA-kernel-PSHA.pdf:/Users/pirchiner/Library/Application Support/Zotero/Profiles/3ysk42on.default/zotero/storage/TND5MTCT/Woo-1996-BSSA-kernel-PSHA.pdf:application/pdf}
}

@article{stock_comparison_2002,
	title = {Comparison of seismicity models generated by different kernel estimations},
	volume = {92},
	url = {http://www.bssaonline.org/content/92/3/913.short},
	number = {3},
	urldate = {2014-04-15},
	journal = {Bulletin of the Seismological Society of America},
	author = {Stock, Christian and Smith, Euan GC},
	year = {2002},
	pages = {913–922},
	file = {2002b_stock_smith.pdf:/Users/pirchiner/Library/Application Support/Zotero/Profiles/3ysk42on.default/zotero/storage/9NP5SW55/2002b_stock_smith.pdf:application/pdf}
}

@article{ragunathan_seismic_????,
	title = {Seismic Hazard Analysis for Chennai using Cluster-Based Kernel Density Estimation},
	url = {http://www.kluniversity.in/ace-klu/img/inv03.pdf},
	urldate = {2014-04-15},
	author = {Ragunathan, P. and Ramanna, C. K. and Dodagoudar, G. R.},
	file = {2011_akde.pdf:/Users/pirchiner/Library/Application Support/Zotero/Profiles/3ysk42on.default/zotero/storage/IXCEB5A7/2011_akde.pdf:application/pdf}
}

@article{hutton_earthquake_2010,
	title = {Earthquake monitoring in southern California for seventy-seven years (1932–2008)},
	volume = {100},
	url = {http://www.bssaonline.org/content/100/2/423.short},
	number = {2},
	urldate = {2014-04-15},
	journal = {Bulletin of the Seismological Society of America},
	author = {Hutton, Kate and Woessner, Jochen and Hauksson, Egill},
	year = {2010},
	pages = {423–446},
	file = {Hutton2010.pdf:/Users/pirchiner/Library/Application Support/Zotero/Profiles/3ysk42on.default/zotero/storage/X6DQ2S4F/Hutton2010.pdf:application/pdf}
}

@article{wiemer_earthquake_2000,
	title = {Earthquake Statistics and Earthquake Prediction Research},
	url = {http://www.zlg.ethz.ch/downloads/publ/publ_Bl15/StefanWiemer.pdf},
	urldate = {2014-04-15},
	journal = {Institute of Geophysics; Zürich, Switzerland},
	author = {Wiemer, Stefan},
	year = {2000},
	file = {Wiemer_EarthquakeStatisticsAndEarthquakePredictionResearch.pdf:/Users/pirchiner/Library/Application Support/Zotero/Profiles/3ysk42on.default/zotero/storage/E239HWJK/Wiemer_EarthquakeStatisticsAndEarthquakePredictionResearch.pdf:application/pdf}
}

@phdthesis{beauval_analyse_2003,
	title = {Analyse des incertitudes dans une estimation probabiliste de l'aléa sismique, exemple de la France},
	url = {http://hal.ird.fr/tel-00673231/},
	urldate = {2014-04-15},
	school = {Université Joseph-Fourier-Grenoble I},
	author = {Beauval, Céline},
	year = {2003},
	file = {Beauval-2004-these.pdf:/Users/pirchiner/Library/Application Support/Zotero/Profiles/3ysk42on.default/zotero/storage/2Z7AWVMR/Beauval-2004-these.pdf:application/pdf}
}

@article{zechar_likelihood-based_2010,
	title = {Likelihood-Based Tests for Evaluating Space-Rate-Magnitude Earthquake Forecasts},
	volume = {100},
	issn = {0037-1106},
	url = {http://www.bssaonline.org/cgi/doi/10.1785/0120090192},
	doi = {10.1785/0120090192},
	language = {en},
	number = {3},
	urldate = {2014-04-15},
	journal = {Bulletin of the Seismological Society of America},
	author = {Zechar, J. D. and Gerstenberger, M. C. and Rhoades, D. A.},
	month = jun,
	year = {2010},
	pages = {1184–1195},
	file = {1184.full.pdf:/Users/pirchiner/Library/Application Support/Zotero/Profiles/3ysk42on.default/zotero/storage/QQVHWNNU/1184.full.pdf:application/pdf}
}

@article{ogata_comprehensive_2013,
	title = {Comprehensive and Topical Evaluations of Earthquake Forecasts in Terms of Number, Time, Space, and Magnitude},
	volume = {103},
	issn = {0037-1106},
	url = {http://www.bssaonline.org/cgi/doi/10.1785/0120120063},
	doi = {10.1785/0120120063},
	language = {en},
	number = {3},
	urldate = {2014-04-15},
	journal = {Bulletin of the Seismological Society of America},
	author = {Ogata, Y. and Katsura, K. and Falcone, G. and Nanjo, K. and Zhuang, J.},
	month = jun,
	year = {2013},
	pages = {1692–1708},
	file = {1692.full.pdf:/Users/pirchiner/Library/Application Support/Zotero/Profiles/3ysk42on.default/zotero/storage/X43TMC8J/1692.full.pdf:application/pdf}
}

@article{mulargia_seismic_1985,
	title = {Seismic sample areas defined from incomplete catalogues: an application to the Italian territory},
	volume = {40},
	shorttitle = {Seismic sample areas defined from incomplete catalogues},
	url = {http://www.sciencedirect.com/science/article/pii/003192018590038X},
	number = {4},
	urldate = {2014-04-15},
	journal = {Physics of the earth and planetary interiors},
	author = {Mulargia, F. and Tinti, S.},
	year = {1985},
	pages = {273–300},
	file = {1985_mulargia_incomplete_catalogs.pdf:/Users/pirchiner/Library/Application Support/Zotero/Profiles/3ysk42on.default/zotero/storage/IQ4JBH4V/1985_mulargia_incomplete_catalogs.pdf:application/pdf}
}

@article{kijko_estimation_1989,
	title = {Estimation of earthquake hazard parameters from incomplete data files. Part I. Utilization of extreme and complete catalogs with different threshold magnitudes},
	volume = {79},
	url = {http://www.bssaonline.org/content/79/3/645.short},
	number = {3},
	urldate = {2014-04-15},
	journal = {Bulletin of the Seismological Society of America},
	author = {Kijko, A. and Sellevoll, M. A.},
	year = {1989},
	pages = {645–654},
	file = {1992_kijko_incomplete_1.pdf:/Users/pirchiner/Library/Application Support/Zotero/Profiles/3ysk42on.default/zotero/storage/JVNJER5K/1992_kijko_incomplete_1.pdf:application/pdf}
}

@article{kijko_estimation_1992,
	title = {Estimation of earthquake hazard parameters from incomplete data files. Part {II.} Incorporation of magnitude heterogeneity},
	volume = {82},
	url = {http://www.bssaonline.org/content/82/1/120.short},
	number = {1},
	urldate = {2014-04-15},
	journal = {Bulletin of the Seismological Society of America},
	author = {Kijko, Andrzej and Sellevoll, Markvard A.},
	year = {1992},
	pages = {120–134},
	file = {1992_kijko_incomplete_2.pdf:/Users/pirchiner/Library/Application Support/Zotero/Profiles/3ysk42on.default/zotero/storage/TF56RQ9I/1992_kijko_incomplete_2.pdf:application/pdf}
}

@article{frankel_mapping_1995,
	title = {Mapping seismic hazard in the central and eastern United States},
	volume = {66},
	url = {http://srl.geoscienceworld.org/content/66/4/8.short},
	number = {4},
	urldate = {2014-04-15},
	journal = {Seismological Research Letters},
	author = {Frankel, Arthur},
	year = {1995},
	pages = {8–21},
	file = {1995_frankel.pdf:/Users/pirchiner/Library/Application Support/Zotero/Profiles/3ysk42on.default/zotero/storage/4AI6I6VT/1995_frankel.pdf:application/pdf}
}

@article{choi_nonparametric_1999,
	title = {Nonparametric Approach to Analysis of Space-Time Data on Earthquake Occurrences},
	volume = {8},
	issn = {1061-8600, 1537-2715},
	url = {http://www.tandfonline.com/doi/abs/10.1080/10618600.1999.10474846},
	doi = {10.1080/10618600.1999.10474846},
	language = {en},
	number = {4},
	urldate = {2014-04-15},
	journal = {Journal of Computational and Graphical Statistics},
	author = {Choi, Edwin and Hall, Peter},
	month = dec,
	year = {1999},
	pages = {733–748},
	file = {1999_choi_hall_nonparametric_spacetime.pdf:/Users/pirchiner/Library/Application Support/Zotero/Profiles/3ysk42on.default/zotero/storage/D9KUE5MZ/1999_choi_hall_nonparametric_spacetime.pdf:application/pdf}
}

@article{jackson_testable_1999,
	title = {Testable earthquake forecasts for 1999},
	volume = {70},
	url = {http://srl.geoscienceworld.org/content/70/4/393.short},
	number = {4},
	urldate = {2014-04-15},
	journal = {Seismological Research Letters},
	author = {Jackson, David D. and Kagan, Yan Y.},
	year = {1999},
	pages = {393–403},
	file = {1999_jackson_kagan.pdf:/Users/pirchiner/Library/Application Support/Zotero/Profiles/3ysk42on.default/zotero/storage/9BC75IZ4/1999_jackson_kagan.pdf:application/pdf}
}

@article{kagan_probabilistic_2000,
	title = {Probabilistic forecasting of earthquakes},
	volume = {143},
	url = {http://gji.oxfordjournals.org/content/143/2/438.short},
	number = {2},
	urldate = {2014-04-15},
	journal = {Geophysical Journal International},
	author = {Kagan, Yan Y. and Jackson, David D.},
	year = {2000},
	pages = {438–453},
	file = {2000_kagan_jackson_prob_forecast.pdf:/Users/pirchiner/Library/Application Support/Zotero/Profiles/3ysk42on.default/zotero/storage/T4ZXXVWE/2000_kagan_jackson_prob_forecast.pdf:application/pdf}
}

@article{stock_adaptive_2002,
	title = {Adaptive kernel estimation and continuous probability representation of historical earthquake catalogs},
	volume = {92},
	url = {http://www.bssaonline.org/content/92/3/904.short},
	number = {3},
	urldate = {2014-04-15},
	journal = {Bulletin of the Seismological Society of America},
	author = {Stock, Christian and Smith, Euan GC},
	year = {2002},
	pages = {904–912},
	file = {2002_stock_smith_akde.pdf:/Users/pirchiner/Library/Application Support/Zotero/Profiles/3ysk42on.default/zotero/storage/7N92TTF9/2002_stock_smith_akde.pdf:application/pdf}
}

@article{felzer_calculating_2006,
	title = {Calculating California Seismicity Rates from the Earthquake Catalog for Time-Independent Hazard Analysis},
	url = {http://opensha.usc.edu:8080/WGCEP/activities/meetings/0809_1006/AppendixG_seisRates.pdf},
	urldate = {2014-04-15},
	author = {Felzer, Karen},
	year = {2006},
	file = {2006_seismicity_rates.pdf:/Users/pirchiner/Library/Application Support/Zotero/Profiles/3ysk42on.default/zotero/storage/NGU568X4/2006_seismicity_rates.pdf:application/pdf}
}

@article{helmstetter_high-resolution_2007,
	title = {High-resolution time-independent grid-based forecast for M≥ 5 earthquakes in California},
	volume = {78},
	url = {http://171.66.125.217/content/78/1/78.short},
	number = {1},
	urldate = {2014-04-15},
	journal = {Seismological Research Letters},
	author = {Helmstetter, Agnes and Kagan, Yan Y. and Jackson, David D.},
	year = {2007},
	pages = {78–86},
	file = {2007_helmstetter.pdf:/Users/pirchiner/Library/Application Support/Zotero/Profiles/3ysk42on.default/zotero/storage/V3ZWN9X7/2007_helmstetter.pdf:application/pdf}
}

@article{yuan_adaptive_2009,
	title = {Adaptive spherical Gaussian kernel in sparse Bayesian learning framework for nonlinear regression},
	volume = {36},
	issn = {09574174},
	url = {http://linkinghub.elsevier.com/retrieve/pii/S0957417408001620},
	doi = {10.1016/j.eswa.2008.02.055},
	language = {en},
	number = {2},
	urldate = {2014-04-15},
	journal = {Expert Systems with Applications},
	author = {Yuan, Jin and Bo, Liefeng and Wang, Kesheng and Yu, Tao},
	month = mar,
	year = {2009},
	pages = {3982–3989},
	file = {2009_akde_bayes_machine_learning.pdf:/Users/pirchiner/Library/Application Support/Zotero/Profiles/3ysk42on.default/zotero/storage/W57PW4IU/2009_akde_bayes_machine_learning.pdf:application/pdf}
}

@article{yadav_homogeneous_2009,
	title = {A Homogeneous and Complete Earthquake Catalog for Northeast India and the Adjoining Region},
	volume = {80},
	issn = {0895-0695},
	url = {http://srl.geoscienceworld.org/cgi/doi/10.1785/gssrl.80.4.609},
	doi = {10.1785/gssrl.80.4.609},
	language = {en},
	number = {4},
	urldate = {2014-04-15},
	journal = {Seismological Research Letters},
	author = {Yadav, R. B. S. and Bormann, P. and Rastogi, B. K. and Das, M. C. and Chopra, S.},
	month = jul,
	year = {2009},
	pages = {609–627},
	file = {2009_yadav_bormann.pdf:/Users/pirchiner/Library/Application Support/Zotero/Profiles/3ysk42on.default/zotero/storage/CE9DRGWZ/2009_yadav_bormann.pdf:application/pdf}
}

@article{zechar_simple_2010,
	title = {Simple smoothed seismicity earthquake forecasts for Italy},
	volume = {53},
	url = {http://www.annalsofgeophysics.eu/index.php/annals/article/viewArticle/4845},
	number = {3},
	urldate = {2014-04-15},
	journal = {Annals of Geophysics},
	author = {Zechar, J. Douglas and Jordan, Thomas H.},
	year = {2010},
	pages = {99–105},
	file = {2010_zechar_simple_smoothing.pdf:/Users/pirchiner/Library/Application Support/Zotero/Profiles/3ysk42on.default/zotero/storage/TEKR6CFC/2010_zechar_simple_smoothing.pdf:application/pdf}
}

@article{marzocchi_earthquake_2011,
	title = {Earthquake forecasting and earthquake prediction: different approaches for obtaining the best model},
	volume = {82},
	shorttitle = {Earthquake forecasting and earthquake prediction},
	url = {http://171.66.125.217/content/82/3/442.short},
	number = {3},
	urldate = {2014-04-15},
	journal = {Seismological Research Letters},
	author = {Marzocchi, Warner and Zechar, J. Douglas},
	year = {2011},
	pages = {442–448},
	file = {2011_marzocchi_forecast_x_prediction.pdf:/Users/pirchiner/Library/Application Support/Zotero/Profiles/3ysk42on.default/zotero/storage/JPK93PV5/2011_marzocchi_forecast_x_prediction.pdf:application/pdf}
}

@article{wang_california_2011,
	title = {California Earthquake Forecasts Based on Smoothed Seismicity: Model Choices},
	volume = {101},
	issn = {0037-1106},
	shorttitle = {California Earthquake Forecasts Based on Smoothed Seismicity},
	url = {http://www.bssaonline.org/cgi/doi/10.1785/0120100125},
	doi = {10.1785/0120100125},
	language = {en},
	number = {3},
	urldate = {2014-04-15},
	journal = {Bulletin of the Seismological Society of America},
	author = {Wang, Q. and Jackson, D. D. and Kagan, Y. Y.},
	month = jun,
	year = {2011},
	pages = {1422–1430},
	file = {2011_wang_modelChoices.pdf:/Users/pirchiner/Library/Application Support/Zotero/Profiles/3ysk42on.default/zotero/storage/HE9IZGRZ/2011_wang_modelChoices.pdf:application/pdf}
}

@article{spada_quantifying_2011,
	title = {Quantifying a Potential Bias in Probabilistic Seismic Hazard Assessment: Seismotectonic Zonation with Fractal Properties},
	volume = {101},
	issn = {0037-1106},
	shorttitle = {Quantifying a Potential Bias in Probabilistic Seismic Hazard Assessment},
	url = {http://www.bssaonline.org/cgi/doi/10.1785/0120110006},
	doi = {10.1785/0120110006},
	language = {en},
	number = {6},
	urldate = {2014-04-15},
	journal = {Bulletin of the Seismological Society of America},
	author = {Spada, M. and Wiemer, S. and Kissling, E.},
	month = dec,
	year = {2011},
	pages = {2694–2711},
	file = {2011_wiemer_bias.pdf:/Users/pirchiner/Library/Application Support/Zotero/Profiles/3ysk42on.default/zotero/storage/NB35CIK4/2011_wiemer_bias.pdf:application/pdf}
}

@article{bozzoni_probabilistic_2011,
	title = {Probabilistic Seismic Hazard Assessment at the Eastern Caribbean Islands},
	volume = {101},
	issn = {0037-1106},
	url = {http://www.bssaonline.org/cgi/doi/10.1785/0120100208},
	doi = {10.1785/0120100208},
	language = {en},
	number = {5},
	urldate = {2014-04-15},
	journal = {Bulletin of the Seismological Society of America},
	author = {Bozzoni, F. and Corigliano, M. and Lai, C. G. and Salazar, W. and Scandella, L. and Zuccolo, E. and Latchman, J. and Lynch, L. and Robertson, R.},
	month = oct,
	year = {2011},
	pages = {2499–2521},
	file = {2011_zonefree.pdf:/Users/pirchiner/Library/Application Support/Zotero/Profiles/3ysk42on.default/zotero/storage/87Q66E58/2011_zonefree.pdf:application/pdf}
}

@article{kolathayar_comprehensive_2012,
	title = {Comprehensive Probabilistic Seismic Hazard Analysis of the Andaman-Nicobar Regions},
	volume = {102},
	issn = {0037-1106},
	url = {http://www.bssaonline.org/cgi/doi/10.1785/0120110219},
	doi = {10.1785/0120110219},
	language = {en},
	number = {5},
	urldate = {2014-04-15},
	journal = {Bulletin of the Seismological Society of America},
	author = {Kolathayar, S. and Sitharam, T. G.},
	month = oct,
	year = {2012},
	pages = {2063–2076},
	file = {2012_comprehensive_psha.pdf:/Users/pirchiner/Library/Application Support/Zotero/Profiles/3ysk42on.default/zotero/storage/9ES7K8KG/2012_comprehensive_psha.pdf:application/pdf}
}

@article{helmstetter_adaptive_2012,
	title = {Adaptive Spatiotemporal Smoothing of Seismicity for Long-Term Earthquake Forecasts in California},
	volume = {102},
	issn = {0037-1106},
	url = {http://www.bssaonline.org/cgi/doi/10.1785/0120120062},
	doi = {10.1785/0120120062},
	language = {en},
	number = {6},
	urldate = {2014-04-15},
	journal = {Bulletin of the Seismological Society of America},
	author = {Helmstetter, A. and Werner, M. J.},
	month = dec,
	year = {2012},
	pages = {2518–2529},
	file = {2012_helmstetter_werner_akde_LT_california.pdf:/Users/pirchiner/Library/Application Support/Zotero/Profiles/3ysk42on.default/zotero/storage/V738GFEP/2012_helmstetter_werner_akde_LT_california.pdf:application/pdf}
}

@article{kagan_random_2011,
	title = {Random stress and Omori's law: Random stress and Omori's law},
	volume = {186},
	issn = {{0956540X}},
	shorttitle = {Random stress and Omori's law},
	url = {http://gji.oxfordjournals.org/cgi/doi/10.1111/j.1365-246X.2011.05114.x},
	doi = {10.1111/j.1365-246X.2011.05114.x},
	language = {en},
	number = {3},
	urldate = {2014-04-15},
	journal = {Geophysical Journal International},
	author = {Kagan, Yan Y.},
	month = sep,
	year = {2011},
	pages = {1347–1364},
	file = {2012_kagan_jackson_adke_earth_poster.pdf:/Users/pirchiner/Library/Application Support/Zotero/Profiles/3ysk42on.default/zotero/storage/MXSRAU2C/2012_kagan_jackson_adke_earth_poster.pdf:application/pdf}
}

@article{kagan_whole_2012,
	title = {Whole Earth high-resolution earthquake forecasts},
	volume = {190},
	url = {http://onlinelibrary.wiley.com/doi/10.1111/j.1365-246X.2012.05521.x/full},
	number = {1},
	urldate = {2014-04-15},
	journal = {Geophysical Journal International},
	author = {Kagan, Yan Y. and Jackson, David D.},
	year = {2012},
	pages = {677–686},
	file = {2012_kagan_jackson_akde_earth.pdf:/Users/pirchiner/Library/Application Support/Zotero/Profiles/3ysk42on.default/zotero/storage/BPSAWZR5/2012_kagan_jackson_akde_earth.pdf:application/pdf}
}

@article{kijko_extension_2012,
	title = {Extension of the Aki-Utsu b-Value Estimator for Incomplete Catalogs},
	volume = {102},
	issn = {0037-1106},
	url = {http://www.bssaonline.org/cgi/doi/10.1785/0120110226},
	doi = {10.1785/0120110226},
	language = {en},
	number = {3},
	urldate = {2014-04-15},
	journal = {Bulletin of the Seismological Society of America},
	author = {Kijko, A. and Smit, A.},
	month = jun,
	year = {2012},
	pages = {1283–1287},
	file = {2012_kijko_bvalue_incomplete.pdf:/Users/pirchiner/Library/Application Support/Zotero/Profiles/3ysk42on.default/zotero/storage/TSQJ3GZK/2012_kijko_bvalue_incomplete.pdf:application/pdf}
}

@article{marzocchi_bayesian_2012,
	title = {Bayesian Forecast Evaluation and Ensemble Earthquake Forecasting},
	volume = {102},
	issn = {0037-1106},
	url = {http://www.bssaonline.org/cgi/doi/10.1785/0120110327},
	doi = {10.1785/0120110327},
	language = {en},
	number = {6},
	urldate = {2014-04-15},
	journal = {Bulletin of the Seismological Society of America},
	author = {Marzocchi, W. and Zechar, J. D. and Jordan, T. H.},
	month = dec,
	year = {2012},
	pages = {2574–2584},
	file = {2012_marzocchi_bayes.pdf:/Users/pirchiner/Library/Application Support/Zotero/Profiles/3ysk42on.default/zotero/storage/HCGTX9KI/2012_marzocchi_bayes.pdf:application/pdf}
}

@article{bommer_quality_2013,
	title = {Quality Assurance for Logic-Tree Implementation in Probabilistic Seismic-Hazard Analysis for Nuclear Applications: A Practical Example},
	volume = {84},
	issn = {0895-0695, 1938-2057},
	shorttitle = {Quality Assurance for Logic-Tree Implementation in Probabilistic Seismic-Hazard Analysis for Nuclear Applications},
	url = {http://srl.geoscienceworld.org/cgi/doi/10.1785/0220130088},
	doi = {10.1785/0220130088},
	language = {en},
	number = {6},
	urldate = {2014-04-15},
	journal = {Seismological Research Letters},
	author = {Bommer, J. J. and Strasser, F. O. and Pagani, M. and Monelli, D.},
	month = nov,
	year = {2013},
	pages = {938–945},
	file = {2013_bommer_quality_logicTree.pdf:/Users/pirchiner/Library/Application Support/Zotero/Profiles/3ysk42on.default/zotero/storage/D88G2ERH/2013_bommer_quality_logicTree.pdf:application/pdf}
}

@article{hiemer_stochastic_2013,
	title = {A Stochastic Forecast of California Earthquakes Based on Fault Slip and Smoothed Seismicity},
	volume = {103},
	issn = {0037-1106},
	url = {http://www.bssaonline.org/cgi/doi/10.1785/0120120168},
	doi = {10.1785/0120120168},
	language = {en},
	number = {{2A}},
	urldate = {2014-04-15},
	journal = {Bulletin of the Seismological Society of America},
	author = {Hiemer, S. and Jackson, D. D. and Wang, Q. and Kagan, Y. Y. and Woessner, J. and Zechar, J. D. and Wiemer, S.},
	month = apr,
	year = {2013},
	pages = {799–810},
	file = {2013_hiemer_et_al_smooth_combined_forecast.pdf:/Users/pirchiner/Library/Application Support/Zotero/Profiles/3ysk42on.default/zotero/storage/JMA9CHQH/2013_hiemer_et_al_smooth_combined_forecast.pdf:application/pdf}
}

@article{kagan_statistical_2013,
	title = {Statistical earthquake focal mechanism forecasts},
	url = {http://arxiv.org/abs/1310.2977},
	urldate = {2014-04-15},
	journal = {{arXiv} preprint {arXiv:1310.2977}},
	author = {Kagan, Yan Y. and Jackson, David D.},
	year = {2013},
	file = {2013_kagan_focal_mechanism_forecast.pdf:/Users/pirchiner/Library/Application Support/Zotero/Profiles/3ysk42on.default/zotero/storage/ZFQ2JZSS/2013_kagan_focal_mechanism_forecast.pdf:application/pdf}
}

@article{vorobieva_multiscale_2013,
	title = {Multiscale Mapping of Completeness Magnitude of Earthquake Catalogs},
	volume = {103},
	issn = {0037-1106},
	url = {http://www.bssaonline.org/cgi/doi/10.1785/0120120132},
	doi = {10.1785/0120120132},
	language = {en},
	number = {4},
	urldate = {2014-04-15},
	journal = {Bulletin of the Seismological Society of America},
	author = {Vorobieva, I. and Narteau, C. and Shebalin, P. and Beauducel, F. and Nercessian, A. and Clouard, V. and Bouin, M.- P.},
	month = aug,
	year = {2013},
	pages = {2188–2202},
	file = {2013_multiscale_method.pdf:/Users/pirchiner/Library/Application Support/Zotero/Profiles/3ysk42on.default/zotero/storage/3MW5DAPT/2013_multiscale_method.pdf:application/pdf}
}

@article{kuyuk_optimal_2013,
	title = {Optimal Seismic Network Density for Earthquake Early Warning: A Case Study from California},
	volume = {84},
	issn = {0895-0695, 1938-2057},
	shorttitle = {Optimal Seismic Network Density for Earthquake Early Warning},
	url = {http://srl.geoscienceworld.org/cgi/doi/10.1785/0220130043},
	doi = {10.1785/0220130043},
	language = {en},
	number = {6},
	urldate = {2014-04-15},
	journal = {Seismological Research Letters},
	author = {Kuyuk, H. S. and Allen, R. M.},
	month = nov,
	year = {2013},
	pages = {946–954},
	file = {2013_network_density.pdf:/Users/pirchiner/Library/Application Support/Zotero/Profiles/3ysk42on.default/zotero/storage/2XEQCTP7/2013_network_density.pdf:application/pdf}
}

@article{rhoades_mixture_2013,
	title = {Mixture Models for Improved Earthquake Forecasting with Short-to-Medium Time Horizons},
	volume = {103},
	issn = {0037-1106},
	url = {http://www.bssaonline.org/cgi/doi/10.1785/0120120233},
	doi = {10.1785/0120120233},
	language = {en},
	number = {4},
	urldate = {2014-04-15},
	journal = {Bulletin of the Seismological Society of America},
	author = {Rhoades, D. A.},
	month = aug,
	year = {2013},
	pages = {2203–2215},
	file = {2013_rhoades_mixture_forecast.pdf:/Users/pirchiner/Library/Application Support/Zotero/Profiles/3ysk42on.default/zotero/storage/QX8F94FU/2013_rhoades_mixture_forecast.pdf:application/pdf}
}

@article{sachs_implications_2012,
	title = {Implications of the Regional Earthquake Likelihood Models test of earthquake forecasts in California},
	volume = {2},
	issn = {2038-9663, 2038-9655},
	url = {http://www.pagepress.org/journals/index.php/rg/article/view/3959},
	doi = {10.4081/rg.2012.e10},
	number = {2},
	urldate = {2014-04-15},
	journal = {Research in Geophysics},
	author = {Sachs, Michael Karl and Lee, Ya-Ting and Turcotte, Donald and Holliday, James R. and Rundle, John B.},
	month = sep,
	year = {2012},
	file = {3959-29081-3-PB.pdf:/Users/pirchiner/Library/Application Support/Zotero/Profiles/3ysk42on.default/zotero/storage/W6QETGNT/3959-29081-3-PB.pdf:application/pdf}
}

@article{zechar_regional_2013,
	title = {Regional Earthquake Likelihood Models I: First-Order Results},
	volume = {103},
	issn = {0037-1106},
	shorttitle = {Regional Earthquake Likelihood Models I},
	url = {http://www.bssaonline.org/cgi/doi/10.1785/0120120186},
	doi = {10.1785/0120120186},
	language = {en},
	number = {{2A}},
	urldate = {2014-04-15},
	journal = {Bulletin of the Seismological Society of America},
	author = {Zechar, J. D. and Schorlemmer, D. and Werner, M. J. and Gerstenberger, M. C. and Rhoades, D. A. and Jordan, T. H.},
	month = apr,
	year = {2013},
	pages = {787–798},
	file = {787.full.pdf:/Users/pirchiner/Library/Application Support/Zotero/Profiles/3ysk42on.default/zotero/storage/6ES2VK7E/787.full.pdf:application/pdf}
}

@article{helmstetter_comparison_2006,
	title = {Comparison of Short-Term and Time-Independent Earthquake Forecast Models for Southern California},
	volume = {96},
	issn = {0037-1106},
	url = {http://bssa.geoscienceworld.org/cgi/doi/10.1785/0120050067},
	doi = {10.1785/0120050067},
	language = {en},
	number = {1},
	urldate = {2014-04-15},
	journal = {Bulletin of the Seismological Society of America},
	author = {Helmstetter, A.},
	month = feb,
	year = {2006},
	pages = {90–106},
	file = {90.full.pdf:/Users/pirchiner/Library/Application Support/Zotero/Profiles/3ysk42on.default/zotero/storage/BHSDMC8N/90.full.pdf:application/pdf}
}

@article{chiodi_forward_2011,
	title = {Forward likelihood-based predictive approach for space-time point processes},
	volume = {22},
	issn = {11804009},
	url = {http://doi.wiley.com/10.1002/env.1121},
	doi = {10.1002/env.1121},
	language = {en},
	number = {6},
	urldate = {2014-04-15},
	journal = {Environmetrics},
	author = {Chiodi, Marcello and Adelfio, Giada},
	month = sep,
	year = {2011},
	pages = {749–757},
	file = {environmetrics_flp2011.pdf:/Users/pirchiner/Library/Application Support/Zotero/Profiles/3ysk42on.default/zotero/storage/43TZKMCR/environmetrics_flp2011.pdf:application/pdf}
}

@article{holliday_relm_2007,
	title = {A {RELM} earthquake forecast based on pattern informatics},
	volume = {78},
	url = {http://171.66.125.217/content/78/1/87.short},
	number = {1},
	urldate = {2014-04-15},
	journal = {Seismological Research Letters},
	author = {Holliday, James R. and Chen, Chien-chih and Tiampo, Kristy F. and Rundle, John B. and Turcotte, Donald L. and Donnellan, Andrea},
	year = {2007},
	pages = {87–93},
	file = {Holliday.pdf:/Users/pirchiner/Library/Application Support/Zotero/Profiles/3ysk42on.default/zotero/storage/IKBUSEGQ/Holliday.pdf:application/pdf}
}

@article{mignan_completeness_2013,
	title = {Completeness of the Mainland China Earthquake Catalog and Implications for the Setup of the China Earthquake Forecast Testing Center},
	volume = {103},
	issn = {0037-1106},
	url = {http://www.bssaonline.org/cgi/doi/10.1785/0120120052},
	doi = {10.1785/0120120052},
	language = {en},
	number = {{2A}},
	urldate = {2014-04-15},
	journal = {Bulletin of the Seismological Society of America},
	author = {Mignan, A. and Jiang, C. and Zechar, J. D. and Wiemer, S. and Wu, Z. and Huang, Z.},
	month = apr,
	year = {2013},
	pages = {845–859},
	file = {mignan_2013_chinaCatalog.pdf:/Users/pirchiner/Library/Application Support/Zotero/Profiles/3ysk42on.default/zotero/storage/9PMNZ6JX/mignan_2013_chinaCatalog.pdf:application/pdf}
}

@article{nasir_assessing_2013,
	title = {{ASSESSING} {THE} {COMPLETENESS} {OF} {HISTORICAL} {AND} {INSTRUMENTAL} {EARTHQUAKE} {DATA} {IN} {AUSTRIA} {AND} {THE} {SURROUNDING} {AREAS.}},
	volume = {106},
	url = {http://search.ebscohost.com/login.aspx?direct=true&profile=ehost&scope=site&authtype=crawler&jrnl=02517493&AN=93481655&h=Lc0dSeTZY932DGjKrr%2BSldVS8ieNSWFXbyG4v0KjdQXn96QA52HF5zQIsxSBv9QpGOcJfLAtouEhb3cOkVsSQQ%3D%3D&crl=c},
	number = {1},
	urldate = {2014-04-15},
	journal = {Austrian Journal of Earth Sciences},
	author = {Nasir, Asma and Lenhardt, Wolfgang and Hintersberger, Esther and Decker, Kurt},
	year = {2013},
	file = {nasir_et_al_ajes_106_1.pdf:/Users/pirchiner/Library/Application Support/Zotero/Profiles/3ysk42on.default/zotero/storage/8GUDDXCE/nasir_et_al_ajes_106_1.pdf:application/pdf}
}

@article{petersen_time-independent_2007,
	title = {Time-independent and time-dependent seismic hazard assessment for the State of California: Uniform California Earthquake Rupture Forecast Model 1.0},
	volume = {78},
	shorttitle = {Time-independent and time-dependent seismic hazard assessment for the State of California},
	url = {http://171.66.125.217/content/78/1/99.short},
	number = {1},
	urldate = {2014-04-15},
	journal = {Seismological Research Letters},
	author = {Petersen, Mark D. and Cao, Tianqing and Campbell, Kenneth W. and Frankel, Arthur D.},
	year = {2007},
	pages = {99–109},
	file = {Petersen.pdf:/Users/pirchiner/Library/Application Support/Zotero/Profiles/3ysk42on.default/zotero/storage/MBBTGXMX/Petersen.pdf:application/pdf}
}

@article{dodagoudar_seismic_2013,
	title = {Seismic input for chennai using adaptive kernel density estimation technique},
	url = {http://dl.lib.mrt.ac.lk/handle/123/9426},
	urldate = {2014-04-15},
	author = {Dodagoudar, G. R. and Ragunathan, P. and Ramanna, C. K.},
	year = {2013},
	file = {SEC-11-64.pdf:/Users/pirchiner/Library/Application Support/Zotero/Profiles/3ysk42on.default/zotero/storage/RKR8IA9N/SEC-11-64.pdf:application/pdf}
}

@book{johnson_applied_1983,
	title = {Applied Multivariate Statistical Analysis},
	publisher = {Prentice-Hall},
	author = {Johnson, Richard A. and Wichern, Dean W.},
	year = {1983}
}

@misc{m._ordaz_a._aguilar_and_j._arboleda_crisis_2007,
	title = {Crisis},
	url = {http://www.ecapra.org/crisis-2007},
	abstract = {{CAPRA} seismic and tsunami hazard module},
	publisher = {Capra},
	author = {M. Ordaz, A. Aguilar {and} J. Arboleda},
	year = {2007}
}

@misc{gem_fundation_openquake_????,
	title = {Openquake},
	url = {http://www.globalquakemodel.org/openquake},
	author = {GEM Fundation}
}

@article{pagani_openquake_2014,
	title = {{OpenQuake} Engine: An Open Hazard (and Risk) Software for the Global Earthquake Model},
	volume = {85},
	issn = {0895-0695, 1938-2057},
	shorttitle = {{OpenQuake} Engine},
	url = {http://srl.geoscienceworld.org/cgi/doi/10.1785/0220130087},
	doi = {10.1785/0220130087},
	language = {en},
	number = {3},
	urldate = {2014-06-16},
	journal = {Seismological Research Letters},
	author = {Pagani, M. and Monelli, D. and Weatherill, G. and Danciu, L. and Crowley, H. and Silva, V. and Henshaw, P. and Butler, L. and Nastasi, M. and Panzeri, L. and Simionato, M. and Vigano, D.},
	month = may,
	year = {2014},
	pages = {692--702}
}

@article{toro_model_1997,
	title = {Model of strong ground motions from earthquakes in central and eastern North America: best estimates and uncertainties},
	volume = {68},
	shorttitle = {Model of strong ground motions from earthquakes in central and eastern North America},
	url = {http://srl.geoscienceworld.org/content/68/1/41.short},
	number = {1},
	urldate = {2014-06-16},
	journal = {Seismological Research Letters},
	author = {Toro, Gabriel R. and Abrahamson, Norman A. and Schneider, John F.},
	year = {1997},
	pages = {41–57},
	file = {1997_toro.pdf:/Users/pirchiner/Library/Application Support/Zotero/Profiles/3ysk42on.default/zotero/storage/UAXSA4ID/1997_toro.pdf:application/pdf}
}

@article{gutenberg_frequency_1944,
	title = {Frequency of earthquakes in California},
	volume = {34},
	url = {http://www.bssaonline.org/content/34/4/185.short},
	number = {4},
	journal = {Bulletin of the Seismological Society of America},
	author = {Gutenberg, B. and Richter, C. F.},
	month = oct,
	year = {1944},
	pages = {185--188}
}

@article{werner_high-resolution_2011,
	title = {High-Resolution Long-Term and Short-Term Earthquake Forecasts for California},
	volume = {101},
	issn = {0037-1106},
	url = {http://www.bssaonline.org/cgi/doi/10.1785/0120090340},
	doi = {10.1785/0120090340},
	language = {en},
	number = {4},
	urldate = {2014-06-16},
	journal = {Bulletin of the Seismological Society of America},
	author = {Werner, M. J. and Helmstetter, A. and Jackson, D. D. and Kagan, Y. Y.},
	month = aug,
	year = {2011},
	pages = {1630--1648},
	file = {2009_yadav_bormann.pdf:/Users/pirchiner/Library/Application Support/Zotero/Profiles/3ysk42on.default/zotero/storage/QP7DFPMG/2009_yadav_bormann.pdf:application/pdf}
}

@article{wang_california_2011-1,
	title = {California Earthquake Forecasts Based on Smoothed Seismicity: Model Choices},
	volume = {101},
	issn = {0037-1106},
	shorttitle = {California Earthquake Forecasts Based on Smoothed Seismicity},
	url = {http://www.bssaonline.org/cgi/doi/10.1785/0120100125},
	doi = {10.1785/0120100125},
	language = {en},
	number = {3},
	urldate = {2014-06-16},
	journal = {Bulletin of the Seismological Society of America},
	author = {Wang, Q. and Jackson, D. D. and Kagan, Y. Y.},
	month = jun,
	year = {2011},
	pages = {1422--1430},
	file = {2011_wang_modelChoices.pdf:/Users/pirchiner/Library/Application Support/Zotero/Profiles/3ysk42on.default/zotero/storage/GUAQZNQI/2011_wang_modelChoices.pdf:application/pdf}
}

@article{beauval_role_2006,
	title = {The role of seismicity models in probabilistic seismic hazard estimation: comparison of a zoning and a smoothing approach},
	volume = {165},
	issn = {{0956540X}, {1365246X}},
	shorttitle = {The role of seismicity models in probabilistic seismic hazard estimation},
	url = {http://gji.oxfordjournals.org/cgi/doi/10.1111/j.1365-246X.2006.02945.x},
	doi = {10.1111/j.1365-246X.2006.02945.x},
	language = {en},
	number = {2},
	urldate = {2014-06-16},
	journal = {Geophysical Journal International},
	author = {Beauval, Céline and Scotti, Oona and Bonilla, Fabian},
	month = may,
	year = {2006},
	pages = {584--595},
	file = {2013_rhoades_mixture_forecast.pdf:/Users/pirchiner/Library/Application Support/Zotero/Profiles/3ysk42on.default/zotero/storage/SKSDNTN6/2013_rhoades_mixture_forecast.pdf:application/pdf}
}

@article{werner_earthquake_2011,
	title = {Earthquake forecasting based on data assimilation: sequential Monte Carlo methods for renewal point processes},
	volume = {18},
	issn = {1607-7946},
	shorttitle = {Earthquake forecasting based on data assimilation},
	url = {http://www.nonlin-processes-geophys.net/18/49/2011/},
	doi = {10.5194/npg-18-49-2011},
	language = {en},
	number = {1},
	urldate = {2014-06-16},
	journal = {Nonlinear Processes in Geophysics},
	author = {Werner, M. J. and Ide, K. and Sornette, D.},
	month = feb,
	year = {2011},
	pages = {49--70},
	file = {npg-18-49-2011.pdf:/Users/pirchiner/Library/Application Support/Zotero/Profiles/3ysk42on.default/zotero/storage/NEA5ZHMW/npg-18-49-2011.pdf:application/pdf}
}

@inproceedings{weatherill_hazard_2012,
	title = {The Hazard Component of the {GEM} Modeller’s Toolkit: A Framework for the Preparation and Analysis of Probabilistic Seismic Hazard ({PSHA)} Input Tools},
	shorttitle = {The Hazard Component of the {GEM} Modeller’s Toolkit},
	url = {http://www.iitk.ac.in/nicee/wcee/article/WCEE2012_2316.pdf},
	urldate = {2014-06-16},
	booktitle = {Proceedings of the 15th World Conference on Earthquake Engineering, Lisbon, Portugal, paper},
	author = {Weatherill, G. A. and Pagani, M. and Monelli, D.},
	year = {2012},
	file = {WCEE2012_2316.pdf:/Users/pirchiner/Library/Application Support/Zotero/Profiles/3ysk42on.default/zotero/storage/PGDGIWMK/WCEE2012_2316.pdf:application/pdf}
}

@article{zechar_regional_2013-1,
	title = {Regional Earthquake Likelihood Models I: First-Order Results},
	volume = {103},
	issn = {0037-1106},
	shorttitle = {Regional Earthquake Likelihood Models I},
	url = {http://www.bssaonline.org/cgi/doi/10.1785/0120120186},
	doi = {10.1785/0120120186},
	language = {en},
	number = {{2A}},
	urldate = {2014-06-16},
	journal = {Bulletin of the Seismological Society of America},
	author = {Zechar, J. D. and Schorlemmer, D. and Werner, M. J. and Gerstenberger, M. C. and Rhoades, D. A. and Jordan, T. H.},
	month = apr,
	year = {2013},
	pages = {787--798},
	file = {787.full.pdf:/Users/pirchiner/Library/Application Support/Zotero/Profiles/3ysk42on.default/zotero/storage/KMWX9IZU/787.full.pdf:application/pdf}
}

@article{schorlemmer_earthquake_2007,
	title = {Earthquake Likelihood Model Testing},
	volume = {78},
	issn = {0895-0695},
	url = {http://srl.geoscienceworld.org/cgi/doi/10.1785/gssrl.78.1.17},
	doi = {10.1785/gssrl.78.1.17},
	language = {en},
	number = {1},
	urldate = {2014-06-16},
	journal = {Seismological  Research Letters},
	author = {Schorlemmer, D. and Gerstenberger, M. C. and Wiemer, S. and Jackson, D. D. and Rhoades, D. A.},
	month = jan,
	year = {2007},
	pages = {17--29}
}

@article{zhuang_jiancang_basic_2011,
	title = {Basic models of seismicity: spatiotemporal models},
	shorttitle = {Basic models of seismicity},
	url = {http://dx.doi.org/10.5078/corssa-07487583},
	doi = {10.5078/corssa-07487583},
	urldate = {2014-06-16},
	author = {{Zhuang, Jiancang} and {Hainzl, Sebastian} and {Harte, David} and {Werner, Maximilian J.} and {Zhou, Shiyong}},
	year = {2011}
}

@article{barros_intraplate_2009,
	title = {The intraplate Porto dos Gaúchos seismic zone in the Amazon craton — Brazil},
	volume = {469},
	issn = {00401951},
	url = {http://linkinghub.elsevier.com/retrieve/pii/S0040195109000055},
	doi = {10.1016/j.tecto.2009.01.006},
	language = {en},
	number = {1-4},
	urldate = {2014-06-16},
	journal = {Tectonophysics},
	author = {Barros, Lucas Vieira and Assumpção, Marcelo and Quintero, Ronnie and Caixeta, Daniel},
	month = apr,
	year = {2009},
	pages = {37--47},
	file = {art_BARROS_The_intraplate_Porto_dos_Gauchos_seismic_zone_2009.pdf:/Users/pirchiner/Library/Application Support/Zotero/Profiles/3ysk42on.default/zotero/storage/BVMKUCW7/art_BARROS_The_intraplate_Porto_dos_Gauchos_seismic_zone_2009.pdf:application/pdf}
}

@article{do_nascimento_spatio-temporal_2004,
	title = {Spatio-temporal evolution of induced seismicity at Açu reservoir, {NE} Brazil: Induced seismicity at Açu reservoir},
	volume = {158},
	issn = {{0956540X}},
	shorttitle = {Spatio-temporal evolution of induced seismicity at Açu reservoir, {NE} Brazil},
	url = {http://gji.oxfordjournals.org/cgi/doi/10.1111/j.1365-246X.2004.02351.x},
	doi = {10.1111/j.1365-246X.2004.02351.x},
	language = {en},
	number = {3},
	urldate = {2014-06-16},
	journal = {Geophysical Journal International},
	author = {Do Nascimento, A. F. and Cowie, P. A. and Lunn, R. J. and Pearce, R. G.},
	month = jul,
	year = {2004},
	pages = {1041--1052}
}

@book{talwani_intraplate_2014,
	address = {New York},
	title = {Intraplate earthquakes},
	isbn = {9781107040380},
	publisher = {Cambridge University Press},
	editor = {Talwani, Pradeep},
	year = {2014},
	keywords = {Earthquake prediction, Geology, Structural, Plate tectonics, {SCIENCE} / Geophysics, Seismology},
	annote = {{"Intraplate} earthquakes occur away from the well-known tectonic plate boundaries at locations around the world. These locations are particularly difficult to predict, and they can cause huge damage and loss of life: devastating earthquakes have levelled Bhuj in India (2001), Tangshan in China (1976), Charleston in the United States (1886), and Basel in Switzerland (1356). The Bhuj earthquake (featured in this book) was the largest intraplate earthquake for three decades and the rich dataset collected has provided unique insight into these events"--}
}

@article{storchak_public_2013,
	title = {Public Release of the {ISC-GEM} Global Instrumental Earthquake Catalogue (1900-2009)},
	volume = {84},
	issn = {0895-0695, 1938-2057},
	url = {http://srl.geoscienceworld.org/cgi/doi/10.1785/0220130034},
	doi = {10.1785/0220130034},
	language = {en},
	number = {5},
	urldate = {2014-06-16},
	journal = {Seismological Research Letters},
	author = {Storchak, D. A. and Di Giacomo, D. and Bondar, I. and Engdahl, E. R. and Harris, J. and Lee, W. H. K. and Villasenor, A. and Bormann, P.},
	month = sep,
	year = {2013},
	pages = {810--815}
}

@misc{iag-usp_boletim_2013,
	title = {Boletim Sísmico Brasileiro},
	url = {http://moho.iag.usp.br/bsb/1.0/bsb-v201308.zip},
	urldate = {2014-06-16},
	author = {IAG-USP},
	month = aug,
	year = {2013},
	file = {Event List:/Users/pirchiner/Library/Application Support/Zotero/Profiles/3ysk42on.default/zotero/storage/IBCJXKHD/events.html:text/html}
}

@article{casertano_statistical_1982,
	title = {A statistical analysis of upper and lower limits of earthquake magnitude},
	volume = {120},
	url = {http://link.springer.com/article/10.1007/BF00876665},
	number = {4},
	urldate = {2014-06-16},
	journal = {pure and applied geophysics},
	author = {Casertano, Lorenzo},
	year = {1982},
	pages = {840–849},
	file = {1982_casertano_upper_lower_MFD.pdf:/Users/pirchiner/Library/Application Support/Zotero/Profiles/3ysk42on.default/zotero/storage/KUGV6XG7/1982_casertano_upper_lower_MFD.pdf:application/pdf}
}

@article{choi_nonparametric_2001,
	title = {Nonparametric analysis of earthquake point-process data},
	url = {http://www.jstor.org/stable/4356119},
	urldate = {2014-06-16},
	journal = {Lecture Notes-Monograph Series},
	author = {Choi, Edwin and Hall, Peter},
	year = {2001},
	pages = {324–344},
	file = {2001_choi_hall_nonparametric_pprocess.pdf:/Users/pirchiner/Library/Application Support/Zotero/Profiles/3ysk42on.default/zotero/storage/6QASK6ED/2001_choi_hall_nonparametric_pprocess.pdf:application/pdf}
}

@article{baker_introduction_2008,
	title = {An introduction to probabilistic seismic hazard analysis ({PSHA)}},
	volume = {1},
	url = {http://www.stanford.edu/~bakerjw/Publications/Baker_(2008)_Intro_to_PSHA_v1_3.pdf},
	urldate = {2014-06-16},
	journal = {White paper, version},
	author = {Baker, Jack W.},
	year = {2008},
	pages = {72},
	file = {2008_baker_psha.pdf:/Users/pirchiner/Library/Application Support/Zotero/Profiles/3ysk42on.default/zotero/storage/GFMS8HUI/2008_baker_psha.pdf:application/pdf}
}

@article{petersen_appendix_????,
	title = {Appendix J: Spatial Seismicity Rates and Maximum Magnitudes for Background Earthquakes},
	shorttitle = {Appendix J},
	url = {ftp://hazards.cr.usgs.gov/zeng/of2007-1437j.pdf},
	urldate = {2014-06-16},
	author = {Petersen, Mark and Mueller, Charles and Frankel, Arthur and Zeng, Yuehua},
	file = {2008_of2007-1437j.pdf:/Users/pirchiner/Library/Application Support/Zotero/Profiles/3ysk42on.default/zotero/storage/7DTPSEVZ/2008_of2007-1437j.pdf:application/pdf}
}

@article{woessner_theme_????,
	title = {Theme {IV–Understanding} Seismicity Catalogs and their Problems},
	url = {http://www.corssa.ethz.ch/articles/themeiv/woessner_et_al/woessner_et_al.pdf},
	urldate = {2014-06-16},
	author = {Woessner, J. and Hardebeck, J. and Hauksson, E.},
	file = {2010_woessner_corssa_instrumental_catalogue.pdf:/Users/pirchiner/Library/Application Support/Zotero/Profiles/3ysk42on.default/zotero/storage/GT8ZT75X/2010_woessner_corssa_instrumental_catalogue.pdf:application/pdf}
}

@article{mignan_theme_????,
	title = {Theme {IV–Understanding} Seismicity Catalogs and their Problems},
	url = {http://www.corssa.ethz.ch/silva_ethz/ETH/erdw/corssa/corssa/articles/themeiv/mignan_et_al/mignan_woessner.pdf},
	urldate = {2014-06-16},
	author = {Mignan, Arnaud and Woessner, Jochen},
	file = {2012_mignan_woessner_corssa_completenes.pdf:/Users/pirchiner/Library/Application Support/Zotero/Profiles/3ysk42on.default/zotero/storage/4H5PSK89/2012_mignan_woessner_corssa_completenes.pdf:application/pdf}
}

@article{mignan_functional_2012,
	title = {Functional shape of the earthquake frequency-magnitude distribution and completeness magnitude},
	volume = {117},
	issn = {0148-0227},
	url = {http://doi.wiley.com/10.1029/2012JB009347},
	doi = {10.1029/2012JB009347},
	language = {en},
	number = {B8},
	urldate = {2014-06-16},
	journal = {Journal of Geophysical Research},
	author = {Mignan, A.},
	month = aug,
	year = {2012},
	file = {jgrb17253.pdf:/Users/pirchiner/Library/Application Support/Zotero/Profiles/3ysk42on.default/zotero/storage/ZBAXRQAP/jgrb17253.pdf:application/pdf}
}

@article{marotta_strain_2013,
	title = {Strain rate of the South American lithospheric plate by {SIRGAS-CON} geodetic observations},
	volume = {47},
	issn = {08959811},
	url = {http://linkinghub.elsevier.com/retrieve/pii/S0895981113000928},
	doi = {10.1016/j.jsames.2013.07.004},
	language = {en},
	urldate = {2014-06-16},
	journal = {Journal of South American Earth Sciences},
	author = {Marotta, Giuliano Sant'Anna and França, George Sand and Galera Monico, João Francisco and Fuck, Reinhardt Adolfo and Oswaldo de Araújo Filho, José},
	month = nov,
	year = {2013},
	pages = {136--141},
	file = {strain_rate_SA_lithospheric.pdf:/Users/pirchiner/Library/Application Support/Zotero/Profiles/3ysk42on.default/zotero/storage/RF3KCPB6/strain_rate_SA_lithospheric.pdf:application/pdf}
}

@article{marsan_david_seismicity_2012,
	title = {Seismicity declustering},
	url = {http://dx.doi.org/10.5078/corssa-52382934},
	doi = {10.5078/corssa-52382934},
	urldate = {2014-06-16},
	author = {{Marsan, David} and {Stiphout, Thomas van} and {Zhuang, Jiancang}},
	year = {2012}
}

@article{naylor_theme_????,
	title = {Theme {III–Statistical} Foundations},
	url = {http://www.corssa.ethz.ch/articles/themeiii/naylor_et_al/Naylor_et_al.pdf},
	urldate = {2014-06-16},
	author = {Naylor, Mark and Orfanogiannaki, Katerina and Harte, David},
	file = {Naylor_et_al.pdf:/Users/pirchiner/Library/Application Support/Zotero/Profiles/3ysk42on.default/zotero/storage/ZKWHDBGR/Naylor_et_al.pdf:application/pdf}
}

@article{zechar_theme_????,
	title = {Theme {VI–Earthquake} Predictability \& Related Hypothesis Testing},
	url = {http://www.corssa.org/silva_ethz/ETH/erdw/corssa/corssa/articles/themevi/zechar/zechar.pdf},
	urldate = {2014-06-16},
	author = {Zechar, J. Douglas},
	file = {zechar.pdf:/Users/pirchiner/Library/Application Support/Zotero/Profiles/3ysk42on.default/zotero/storage/N99IPB74/zechar.pdf:application/pdf}
}