%% This BibTeX bibliography file was created using BibDesk.
%% http://bibdesk.sourceforge.net/


%% Created for Marlon Pirchiner at 2014-06-17 18:08:56 -0300 


%% Saved with string encoding Unicode (UTF-8) 



@article{cornell_engineering_1968,
	Author = {Cornell, C. A.},
	Journal = {Bulletin of the Seismological Society of America},
	Pages = {1583--1606},
	Title = {Engineering Seismic Risk Analysis},
	Volume = {58},
	Year = {1968}}

@article{field_uniform_2009,
	Author = {Field, E. H. and Dawson, T E. and Felzer, K. R. and Frankel, A. D. and Gupta, V. and Jordan, T. H. and Parsons, T. and Petersen, M. D. and Stein, R. S. and Weldon II, R. J. and Willis, C. J.},
	Journal = {Bulletin of the Seismological Society of America},
	Number = {4},
	Pages = {2053--2107},
	Title = {Uniform California Earthquake Rupture Forecast, Version 2 ({UCERF} 2)},
	Volume = {99},
	Year = {2009}}

@article{field_opensha_2003,
	Author = {Field, E. H. and Jordan, T. H. and Cornell, C. A.},
	Journal = {Seism. Res. Lett.},
	Pages = {406--419},
	Title = {{OpenSHA} - A developing Community-Modeling Environment for Seismic Hazard Analysis},
	Volume = {74},
	Year = {2003}}

@techreport{petersen_documentation_2008,
	Author = {Petersen, M. D. and Frankel, A. D. and Harmsen, S. C. and Mueller, C. S. and Haller, K. M. and Wheeler, R. L. and Wesson, R. L. and Yzeng, Y. and Boys, O. S. and Perkins, D. M. and Luco, N. and Field, E. H. and Wills, C. J. and Rukstales, K. S.},
	Institution = {{U.S.} Department of the Interior, {U.S.} Geological Survey},
	Number = {2008-1128},
	Title = {Documentation for the 2008 Update of the United States National Seismic Hazard Maps},
	Type = {Open File Report},
	Year = {2008}}

@techreport{senior_seismic_hazard_analysis_committee_recommendations_1997,
	Author = {{Senior Seismic Hazard Analysis Committee}},
	Institution = {Lawrence Livermore National Laboratory},
	Number = {{NUREG/CR-6372}, {UCRL-ID-122160}, Vol. 1},
	Title = {Recommendations for Probabilistic Seismic Hazard Analysis: Guidance on Uncertainty and Use of Experts},
	Year = {1997}}

@unpublished{toro_modification_2002,
	Author = {Toro, G. R.},
	Title = {Modification of the Toro Et Al. (1997) Attenuation Equations for Large Magnitudes and Short Distances},
	Year = {2002}}

@article{weichert_estimation_1980,
	Author = {Weichert, D. H.},
	Journal = {Bulletin of the Seismological Society of America},
	Pages = {13371346},
	Title = {Estimation of the earthquake recurrence parameters for unequal observation periods for different magnitudes},
	Volume = {70},
	Year = {1980}}

@article{aki_maximum_1965,
	Author = {Aki, K.},
	Journal = {Bulletin of the Earthquake Research Institute},
	Pages = {237 -- 239},
	Title = {Maximum Likelihood Estimate of b in the formula log N = a - b M and its Confidence Limits},
	Volume = {43},
	Year = {1965}}

@article{akkar_empirical_2010,
	Author = {Akkar, S. and Bommer, J. J.},
	Journal = {Seismological Research Letters},
	Pages = {195--206},
	Title = {Empirical Equations for the Prediction of {PGA}, {PGV}, and Spectral Accelerations in Europe, the Mediterranean Region, and the Middle East},
	Volume = {81},
	Year = {2010}}

@article{baturay_uncertainty_2003,
	Author = {Baturay, M. B. and Stewart, J. P.},
	Journal = {Bulletin of the Seismological Society of America},
	Pages = {2025--2042},
	Title = {Uncertainty and Bias in Ground-Motion Estimates from Ground Response Analyses},
	Volume = {93},
	Year = {2003}}

@article{bazzurro_ground-motion_2004,
	Author = {Bazzurro, P. and Cornell, C. A.},
	Journal = {Bulletin of the Seismological Society of America},
	Pages = {2090√ê2109},
	Title = {Ground-Motion Amplification in Nonlinear Soil Sites with Uncertain Properties},
	Volume = {94},
	Year = {2004}}

@article{bird_plate-tectonic_2004,
	Author = {Bird, P. and Kagan, Y. Y.},
	Journal = {Bulletin of the Seismological Society of America},
	Pages = {2380 -- 2399},
	Title = {Plate-Tectonic Analysis of Shallow Seismicity: Apparent Boundary Width, Beta, Corner Magnitude, Coupled Lithosphere Thickness, and Couping in seven tectonic settings},
	Volume = {94(6)},
	Year = {2004}}

@article{campbell_nga_2008,
	Author = {Campbell, K. W. and Bozorgnia, Y.},
	Journal = {Earthquake Spectra},
	Number = {1},
	Pages = {139--171},
	Title = {{NGA} Ground Motion Model for the Geometric Mean Horizontal Component of {PGA}, {PGV}, {PGD} and 5\% Damped Linear Elastic Response Spectra for Periods Ranging from 0.01 to 10 s},
	Volume = {24},
	Year = {2008}}

@book{crowley_openquake_2011,
	Address = {Pavia, Italy},
	Author = {Crowley, H. and Monelli, D. and Pagani, M. and Silva, V. and Weatherill, G.},
	Publisher = {{GEM} {FOUNDATION}},
	Title = {{OpenQuake} Book},
	Year = {2011}}

@article{dowrick_relations_2004,
	Author = {Dowrick, D. J. and Rhoades, D. A.},
	Journal = {Bull. Seism. Soc. Am.},
	Number = {3},
	Pages = {776--788},
	Title = {Relations Between Earthquake Magnitude and Fault Rupture Dimensions: How Regionally Variable Are They?},
	Volume = {94},
	Year = {2004}}

@article{giardini_gshap_1999,
	Author = {Giardini, D. and Gr{\"u}nthal, G. and Shedlock, K. M. and Zhang, P.},
	Journal = {Annali di Geofisica},
	Number = {6},
	Pages = {1225--1230},
	Title = {The {GSHAP} global seismic hazard map},
	Volume = {42},
	Year = {1999}}

@article{joyner_peak_1981,
	Author = {Joyner, W. B. and Boore, D. M.},
	Journal = {Bull. Seism. Soc. Am.},
	Number = {6},
	Pages = {2011--2038},
	Title = {Peak horizontal acceleration and velocity from strong-motion records including records from the 1979 Imperial Valley, California, earthquake.},
	Volume = {71},
	Year = {1981}}

@article{kostrov_seismic_1974,
	Author = {Kostrov, V. V.},
	Journal = {Izy Acad. Sci. {USSR} Physics of the Solid Earth},
	Pages = {13 -- 21},
	Title = {Seismic moment and energy of earthquakes and seismic flow of rock},
	Volume = {1},
	Year = {1974}}

@article{musson_probabilistic_1999,
	Author = {Musson, R. M. W.},
	Journal = {Annali di Geofisica},
	Number = {2},
	Pages = {1109 -- 1124},
	Title = {Probabilistic Seismic Hazard Maps for the North Balkan Region},
	Volume = {42},
	Year = {1999}}

@article{pagani_seismic-hazard_2007,
	Author = {Pagani, M. and Marcellini, A.},
	Journal = {Bulletin of the Seismological Society of America},
	Number = {5},
	Pages = {1688--1701},
	Title = {Seismic-Hazard Disaggregation: A Fully Probabilistic Methodology},
	Volume = {97},
	Year = {2007}}

@article{schorlemmer_probability_2008,
	Author = {Schorlemmer, D. and Woessner, J.},
	Journal = {Bulletin of the Seismological Society of America},
	Number = {5},
	Pages = {2103 -- 2117},
	Title = {Probability of Detecting an Earthquake},
	Volume = {98},
	Year = {2008}}

@phdthesis{stepp_investigation_1971,
	Author = {Stepp, J. C.},
	School = {Pennsylvania State University},
	Title = {An investigation of earthquake risk in the Puget Sound area by the use of the type I distribution of largest extreme},
	Year = {1971}}

@article{woessner_assessing_2005,
	Author = {Woessner, J. and Wiemer, S.},
	Journal = {Bulletin of the Seismological Society of America},
	Number = {2},
	Pages = {684 -- 698},
	Title = {Assessing the quality of earthquake catalogues: estimating the magnitude of completeness and its uncertainty},
	Volume = {95},
	Year = {2005}}

@book{lowman_jr._digital_1998,
	Author = {Lowman Jr., Paul and Montgomery, Brian},
	Publisher = {{NASA}},
	Title = {Digital World Tectonic Activity Map ({DTAM)}},
	Year = {1998}}

@book{usgs_lithospheric_1996,
	Author = {{USGS}},
	Title = {Lithospheric Plates Cartography Illustration},
	Year = {1996}}

@book{vigil_cross_1997,
	Author = {Vigil, Jose},
	Title = {A cross section illustrating the main types of plate boundaries.},
	Year = {1997}}

@book{team_area_2010,
	Author = {team, OpenSHA},
	Title = {{\'A}rea de ruptura em um falhamento geol{\'o}gico.},
	Year = {2010}}

@book{gutenberg_seismicity_1954,
	Address = {Princeton, New Jersey},
	Author = {Gutenberg, Beno and Richter, Charles F.},
	Edition = {2nd},
	Publisher = {Princeton University Press},
	Title = {Seismicity of the Earth and associated phenomena},
	Year = {1954}}

@article{kagan_seismic_2002,
	Author = {Kagan, Yan Y.},
	Journal = {Geophysical Journal International},
	Number = {3},
	Pages = {520--541},
	Title = {Seismic moment distribution revisited: I. Statistical results},
	Volume = {148},
	Year = {2002}}

@article{woessner_what_2010,
	Author = {Woessner, J. and Hardebeck, J. and Hauksson, E.},
	Title = {What is an instrumental seismicity catalog},
	Year = {2010}}

@book{richter_elementary_1958,
	Author = {Richter, C.},
	Publisher = {W. H. Freeman},
	Series = {A Series of books in geology},
	Title = {Elementary Seismology},
	Year = {1958}}

@article{richter_instrumental_1935,
	Author = {Richter, Charles F.},
	Journal = {Bulletin of the Seismological Society of America},
	Month = jan,
	Number = {1},
	Pages = {1--32},
	Title = {An instrumental earthquake magnitude scale},
	Volume = {25},
	Year = {1935}}

@article{hanks_moment_1979,
	Author = {Hanks, Thomas C. and Kanamori, Hiroo},
	Journal = {Journal of Geophysical Research},
	Number = {B5},
	Pages = {2348},
	Title = {A moment magnitude scale},
	Volume = {84},
	Year = {1979}}

@article{bakun_estimating_1999,
	Author = {Bakun, W. H. and Wentworth, C. M.},
	Journal = {Bulletin of the Seismological Society of America},
	Month = apr,
	Number = {2},
	Pages = {557--557},
	Title = {Estimating earthquake location and magnitude from seismic intensty data},
	Volume = {89},
	Year = {1999}}

@article{woo_kernel_1996,
	Author = {Woo, Gordon},
	Journal = {Bulletin of the Seismological Society of America},
	Number = {2},
	Pages = {353--362},
	Title = {Kernel estimation methods for seismic hazard area source modeling},
	Volume = {86},
	Year = {1996}}

@article{stock_comparison_2002,
	Author = {Stock, Christian and Smith, Euan GC},
	Journal = {Bulletin of the Seismological Society of America},
	Number = {3},
	Pages = {913--922},
	Title = {Comparison of seismicity models generated by different kernel estimations},
	Volume = {92},
	Year = {2002}}

@article{ragunathan_seismic_????,
	Author = {Ragunathan, P. and Ramanna, C. K. and Dodagoudar, G. R.},
	Title = {Seismic Hazard Analysis for Chennai using Cluster-Based Kernel Density Estimation}}

@article{hutton_earthquake_2010,
	Author = {Hutton, Kate and Woessner, Jochen and Hauksson, Egill},
	Journal = {Bulletin of the Seismological Society of America},
	Number = {2},
	Pages = {423--446},
	Title = {Earthquake monitoring in southern California for seventy-seven years (1932--2008)},
	Volume = {100},
	Year = {2010}}

@article{wiemer_earthquake_2000,
	Author = {Wiemer, Stefan},
	Journal = {Institute of Geophysics; Z{\"u}rich, Switzerland},
	Title = {Earthquake Statistics and Earthquake Prediction Research},
	Year = {2000}}

@phdthesis{beauval_analyse_2003,
	Author = {Beauval, C{\'e}line},
	School = {Universit{\'e} Joseph-Fourier-Grenoble I},
	Title = {Analyse des incertitudes dans une estimation probabiliste de l'al{\'e}a sismique, exemple de la France},
	Year = {2003}}

@article{zechar_likelihood-based_2010,
	Author = {Zechar, J. D. and Gerstenberger, M. C. and Rhoades, D. A.},
	Journal = {Bulletin of the Seismological Society of America},
	Month = jun,
	Number = {3},
	Pages = {1184--1195},
	Title = {Likelihood-Based Tests for Evaluating Space-Rate-Magnitude Earthquake Forecasts},
	Volume = {100},
	Year = {2010}}

@article{ogata_comprehensive_2013,
	Author = {Ogata, Y. and Katsura, K. and Falcone, G. and Nanjo, K. and Zhuang, J.},
	Journal = {Bulletin of the Seismological Society of America},
	Month = jun,
	Number = {3},
	Pages = {1692--1708},
	Title = {Comprehensive and Topical Evaluations of Earthquake Forecasts in Terms of Number, Time, Space, and Magnitude},
	Volume = {103},
	Year = {2013}}

@article{mulargia_seismic_1985,
	Author = {Mulargia, F. and Tinti, S.},
	Journal = {Physics of the earth and planetary interiors},
	Number = {4},
	Pages = {273--300},
	Title = {Seismic sample areas defined from incomplete catalogues: an application to the Italian territory},
	Volume = {40},
	Year = {1985}}

@article{kijko_estimation_1989,
	Author = {Kijko, A. and Sellevoll, M. A.},
	Journal = {Bulletin of the Seismological Society of America},
	Number = {3},
	Pages = {645--654},
	Title = {Estimation of earthquake hazard parameters from incomplete data files. Part I. Utilization of extreme and complete catalogs with different threshold magnitudes},
	Volume = {79},
	Year = {1989}}

@article{kijko_estimation_1992,
	Author = {Kijko, Andrzej and Sellevoll, Markvard A.},
	Journal = {Bulletin of the Seismological Society of America},
	Number = {1},
	Pages = {120--134},
	Title = {Estimation of earthquake hazard parameters from incomplete data files. Part {II.} Incorporation of magnitude heterogeneity},
	Volume = {82},
	Year = {1992}}

@article{frankel_mapping_1995,
	Author = {Frankel, Arthur},
	Journal = {Seismological Research Letters},
	Number = {4},
	Pages = {8--21},
	Title = {Mapping seismic hazard in the central and eastern United States},
	Volume = {66},
	Year = {1995}}

@article{choi_nonparametric_1999,
	Author = {Choi, Edwin and Hall, Peter},
	Journal = {Journal of Computational and Graphical Statistics},
	Month = dec,
	Number = {4},
	Pages = {733--748},
	Title = {Nonparametric Approach to Analysis of Space-Time Data on Earthquake Occurrences},
	Volume = {8},
	Year = {1999}}

@article{jackson_testable_1999,
	Author = {Jackson, David D. and Kagan, Yan Y.},
	Journal = {Seismological Research Letters},
	Number = {4},
	Pages = {393--403},
	Title = {Testable earthquake forecasts for 1999},
	Volume = {70},
	Year = {1999}}

@article{kagan_probabilistic_2000,
	Author = {Kagan, Yan Y. and Jackson, David D.},
	Journal = {Geophysical Journal International},
	Number = {2},
	Pages = {438--453},
	Title = {Probabilistic forecasting of earthquakes},
	Volume = {143},
	Year = {2000}}

@article{stock_adaptive_2002,
	Author = {Stock, Christian and Smith, Euan GC},
	Journal = {Bulletin of the Seismological Society of America},
	Number = {3},
	Pages = {904--912},
	Title = {Adaptive kernel estimation and continuous probability representation of historical earthquake catalogs},
	Volume = {92},
	Year = {2002}}

@article{felzer_calculating_2006,
	Author = {Felzer, Karen},
	Title = {Calculating California Seismicity Rates from the Earthquake Catalog for Time-Independent Hazard Analysis},
	Year = {2006}}

@article{helmstetter_high-resolution_2007,
	Author = {Helmstetter, Agnes and Kagan, Yan Y. and Jackson, David D.},
	Journal = {Seismological Research Letters},
	Number = {1},
	Pages = {78--86},
	Title = {High-resolution time-independent grid-based forecast for M‚â• 5 earthquakes in California},
	Volume = {78},
	Year = {2007}}

@article{yuan_adaptive_2009,
	Author = {Yuan, Jin and Bo, Liefeng and Wang, Kesheng and Yu, Tao},
	Journal = {Expert Systems with Applications},
	Month = mar,
	Number = {2},
	Pages = {3982--3989},
	Title = {Adaptive spherical Gaussian kernel in sparse Bayesian learning framework for nonlinear regression},
	Volume = {36},
	Year = {2009}}

@article{yadav_homogeneous_2009,
	Author = {Yadav, R. B. S. and Bormann, P. and Rastogi, B. K. and Das, M. C. and Chopra, S.},
	Journal = {Seismological Research Letters},
	Month = jul,
	Number = {4},
	Pages = {609--627},
	Title = {A Homogeneous and Complete Earthquake Catalog for Northeast India and the Adjoining Region},
	Volume = {80},
	Year = {2009}}

@article{zechar_simple_2010,
	Author = {Zechar, J. Douglas and Jordan, Thomas H.},
	Journal = {Annals of Geophysics},
	Number = {3},
	Pages = {99--105},
	Title = {Simple smoothed seismicity earthquake forecasts for Italy},
	Volume = {53},
	Year = {2010}}

@article{marzocchi_earthquake_2011,
	Author = {Marzocchi, Warner and Zechar, J. Douglas},
	Journal = {Seismological Research Letters},
	Number = {3},
	Pages = {442--448},
	Title = {Earthquake forecasting and earthquake prediction: different approaches for obtaining the best model},
	Volume = {82},
	Year = {2011}}

@article{wang_california_2011,
	Author = {Wang, Q. and Jackson, D. D. and Kagan, Y. Y.},
	Journal = {Bulletin of the Seismological Society of America},
	Month = jun,
	Number = {3},
	Pages = {1422--1430},
	Title = {California Earthquake Forecasts Based on Smoothed Seismicity: Model Choices},
	Volume = {101},
	Year = {2011}}

@article{spada_quantifying_2011,
	Author = {Spada, M. and Wiemer, S. and Kissling, E.},
	Journal = {Bulletin of the Seismological Society of America},
	Month = dec,
	Number = {6},
	Pages = {2694--2711},
	Title = {Quantifying a Potential Bias in Probabilistic Seismic Hazard Assessment: Seismotectonic Zonation with Fractal Properties},
	Volume = {101},
	Year = {2011}}

@article{bozzoni_probabilistic_2011,
	Author = {Bozzoni, F. and Corigliano, M. and Lai, C. G. and Salazar, W. and Scandella, L. and Zuccolo, E. and Latchman, J. and Lynch, L. and Robertson, R.},
	Journal = {Bulletin of the Seismological Society of America},
	Month = oct,
	Number = {5},
	Pages = {2499--2521},
	Title = {Probabilistic Seismic Hazard Assessment at the Eastern Caribbean Islands},
	Volume = {101},
	Year = {2011}}

@article{kolathayar_comprehensive_2012,
	Author = {Kolathayar, S. and Sitharam, T. G.},
	Journal = {Bulletin of the Seismological Society of America},
	Month = oct,
	Number = {5},
	Pages = {2063--2076},
	Title = {Comprehensive Probabilistic Seismic Hazard Analysis of the Andaman-Nicobar Regions},
	Volume = {102},
	Year = {2012}}

@article{helmstetter_adaptive_2012,
	Author = {Helmstetter, A. and Werner, M. J.},
	Journal = {Bulletin of the Seismological Society of America},
	Month = dec,
	Number = {6},
	Pages = {2518--2529},
	Title = {Adaptive Spatiotemporal Smoothing of Seismicity for Long-Term Earthquake Forecasts in California},
	Volume = {102},
	Year = {2012}}

@article{kagan_random_2011,
	Author = {Kagan, Yan Y.},
	Journal = {Geophysical Journal International},
	Month = sep,
	Number = {3},
	Pages = {1347--1364},
	Title = {Random stress and Omori's law: Random stress and Omori's law},
	Volume = {186},
	Year = {2011}}

@article{kagan_whole_2012,
	Author = {Kagan, Yan Y. and Jackson, David D.},
	Journal = {Geophysical Journal International},
	Number = {1},
	Pages = {677--686},
	Title = {Whole Earth high-resolution earthquake forecasts},
	Volume = {190},
	Year = {2012}}

@article{kijko_extension_2012,
	Author = {Kijko, A. and Smit, A.},
	Journal = {Bulletin of the Seismological Society of America},
	Month = jun,
	Number = {3},
	Pages = {1283--1287},
	Title = {Extension of the Aki-Utsu b-Value Estimator for Incomplete Catalogs},
	Volume = {102},
	Year = {2012}}

@article{marzocchi_bayesian_2012,
	Author = {Marzocchi, W. and Zechar, J. D. and Jordan, T. H.},
	Journal = {Bulletin of the Seismological Society of America},
	Month = dec,
	Number = {6},
	Pages = {2574--2584},
	Title = {Bayesian Forecast Evaluation and Ensemble Earthquake Forecasting},
	Volume = {102},
	Year = {2012}}

@article{bommer_quality_2013,
	Author = {Bommer, J. J. and Strasser, F. O. and Pagani, M. and Monelli, D.},
	Journal = {Seismological Research Letters},
	Month = nov,
	Number = {6},
	Pages = {938--945},
	Title = {Quality Assurance for Logic-Tree Implementation in Probabilistic Seismic-Hazard Analysis for Nuclear Applications: A Practical Example},
	Volume = {84},
	Year = {2013}}

@article{hiemer_stochastic_2013,
	Author = {Hiemer, S. and Jackson, D. D. and Wang, Q. and Kagan, Y. Y. and Woessner, J. and Zechar, J. D. and Wiemer, S.},
	Journal = {Bulletin of the Seismological Society of America},
	Month = apr,
	Number = {{2A}},
	Pages = {799--810},
	Title = {A Stochastic Forecast of California Earthquakes Based on Fault Slip and Smoothed Seismicity},
	Volume = {103},
	Year = {2013}}

@article{kagan_statistical_2013,
	Author = {Kagan, Yan Y. and Jackson, David D.},
	Journal = {{arXiv} preprint {arXiv:1310.2977}},
	Title = {Statistical earthquake focal mechanism forecasts},
	Year = {2013}}

@article{vorobieva_multiscale_2013,
	Author = {Vorobieva, I. and Narteau, C. and Shebalin, P. and Beauducel, F. and Nercessian, A. and Clouard, V. and Bouin, M.- P.},
	Journal = {Bulletin of the Seismological Society of America},
	Month = aug,
	Number = {4},
	Pages = {2188--2202},
	Title = {Multiscale Mapping of Completeness Magnitude of Earthquake Catalogs},
	Volume = {103},
	Year = {2013}}

@article{kuyuk_optimal_2013,
	Author = {Kuyuk, H. S. and Allen, R. M.},
	Journal = {Seismological Research Letters},
	Month = nov,
	Number = {6},
	Pages = {946--954},
	Title = {Optimal Seismic Network Density for Earthquake Early Warning: A Case Study from California},
	Volume = {84},
	Year = {2013}}

@article{rhoades_mixture_2013,
	Author = {Rhoades, D. A.},
	Journal = {Bulletin of the Seismological Society of America},
	Month = aug,
	Number = {4},
	Pages = {2203--2215},
	Title = {Mixture Models for Improved Earthquake Forecasting with Short-to-Medium Time Horizons},
	Volume = {103},
	Year = {2013}}

@article{sachs_implications_2012,
	Author = {Sachs, Michael Karl and Lee, Ya-Ting and Turcotte, Donald and Holliday, James R. and Rundle, John B.},
	Journal = {Research in Geophysics},
	Month = sep,
	Number = {2},
	Title = {Implications of the Regional Earthquake Likelihood Models test of earthquake forecasts in California},
	Volume = {2},
	Year = {2012}}

@article{zechar_regional_2013,
	Author = {Zechar, J. D. and Schorlemmer, D. and Werner, M. J. and Gerstenberger, M. C. and Rhoades, D. A. and Jordan, T. H.},
	Journal = {Bulletin of the Seismological Society of America},
	Month = apr,
	Number = {{2A}},
	Pages = {787--798},
	Title = {Regional Earthquake Likelihood Models I: First-Order Results},
	Volume = {103},
	Year = {2013}}

@article{helmstetter_comparison_2006,
	Author = {Helmstetter, A.},
	Journal = {Bulletin of the Seismological Society of America},
	Month = feb,
	Number = {1},
	Pages = {90--106},
	Title = {Comparison of Short-Term and Time-Independent Earthquake Forecast Models for Southern California},
	Volume = {96},
	Year = {2006}}

@article{chiodi_forward_2011,
	Author = {Chiodi, Marcello and Adelfio, Giada},
	Journal = {Environmetrics},
	Month = sep,
	Number = {6},
	Pages = {749--757},
	Title = {Forward likelihood-based predictive approach for space-time point processes},
	Volume = {22},
	Year = {2011}}

@article{holliday_relm_2007,
	Author = {Holliday, James R. and Chen, Chien-chih and Tiampo, Kristy F. and Rundle, John B. and Turcotte, Donald L. and Donnellan, Andrea},
	Journal = {Seismological Research Letters},
	Number = {1},
	Pages = {87--93},
	Title = {A {RELM} earthquake forecast based on pattern informatics},
	Volume = {78},
	Year = {2007}}

@article{mignan_completeness_2013,
	Author = {Mignan, A. and Jiang, C. and Zechar, J. D. and Wiemer, S. and Wu, Z. and Huang, Z.},
	Journal = {Bulletin of the Seismological Society of America},
	Month = apr,
	Number = {{2A}},
	Pages = {845--859},
	Title = {Completeness of the Mainland China Earthquake Catalog and Implications for the Setup of the China Earthquake Forecast Testing Center},
	Volume = {103},
	Year = {2013}}

@article{nasir_assessing_2013,
	Author = {Nasir, Asma and Lenhardt, Wolfgang and Hintersberger, Esther and Decker, Kurt},
	Journal = {Austrian Journal of Earth Sciences},
	Number = {1},
	Title = {{ASSESSING} {THE} {COMPLETENESS} {OF} {HISTORICAL} {AND} {INSTRUMENTAL} {EARTHQUAKE} {DATA} {IN} {AUSTRIA} {AND} {THE} {SURROUNDING} {AREAS.}},
	Volume = {106},
	Year = {2013}}

@article{petersen_time-independent_2007,
	Author = {Petersen, Mark D. and Cao, Tianqing and Campbell, Kenneth W. and Frankel, Arthur D.},
	Journal = {Seismological Research Letters},
	Number = {1},
	Pages = {99--109},
	Title = {Time-independent and time-dependent seismic hazard assessment for the State of California: Uniform California Earthquake Rupture Forecast Model 1.0},
	Volume = {78},
	Year = {2007}}

@article{dodagoudar_seismic_2013,
	Author = {Dodagoudar, G. R. and Ragunathan, P. and Ramanna, C. K.},
	Title = {Seismic input for chennai using adaptive kernel density estimation technique},
	Year = {2013}}

@book{johnson_applied_1983,
	Author = {Johnson, Richard A. and Wichern, Dean W.},
	Publisher = {Prentice-Hall},
	Title = {Applied Multivariate Statistical Analysis},
	Year = {1983}}

@misc{m._ordaz_a._aguilar_and_j._arboleda_crisis_2007,
	Author = {M. Ordaz, A. Aguilar {and} J. Arboleda},
	Title = {Crisis},
	Year = {2007}}

@misc{gem_fundation_openquake_????,
	Author = {GEM Fundation},
	Title = {Openquake}}

@article{pagani_openquake_2014,
	Author = {Pagani, M. and Monelli, D. and Weatherill, G. and Danciu, L. and Crowley, H. and Silva, V. and Henshaw, P. and Butler, L. and Nastasi, M. and Panzeri, L. and Simionato, M. and Vigano, D.},
	Journal = {Seismological Research Letters},
	Month = may,
	Number = {3},
	Pages = {692--702},
	Title = {{OpenQuake} Engine: An Open Hazard (and Risk) Software for the Global Earthquake Model},
	Volume = {85},
	Year = {2014}}

@article{toro_model_1997,
	Author = {Toro, Gabriel R. and Abrahamson, Norman A. and Schneider, John F.},
	Journal = {Seismological Research Letters},
	Number = {1},
	Pages = {41--57},
	Title = {Model of strong ground motions from earthquakes in central and eastern North America: best estimates and uncertainties},
	Volume = {68},
	Year = {1997}}

@article{gutenberg_frequency_1944,
	Author = {Gutenberg, B. and Richter, C. F.},
	Journal = {Bulletin of the Seismological Society of America},
	Month = oct,
	Number = {4},
	Pages = {185--188},
	Title = {Frequency of earthquakes in California},
	Volume = {34},
	Year = {1944}}

@article{werner_high-resolution_2011,
	Author = {Werner, M. J. and Helmstetter, A. and Jackson, D. D. and Kagan, Y. Y.},
	Journal = {Bulletin of the Seismological Society of America},
	Month = aug,
	Number = {4},
	Pages = {1630--1648},
	Title = {High-Resolution Long-Term and Short-Term Earthquake Forecasts for California},
	Volume = {101},
	Year = {2011}}

@article{wang_california_2011-1,
	Author = {Wang, Q. and Jackson, D. D. and Kagan, Y. Y.},
	Journal = {Bulletin of the Seismological Society of America},
	Month = jun,
	Number = {3},
	Pages = {1422--1430},
	Title = {California Earthquake Forecasts Based on Smoothed Seismicity: Model Choices},
	Volume = {101},
	Year = {2011}}

@article{beauval_role_2006,
	Author = {Beauval, C{\'e}line and Scotti, Oona and Bonilla, Fabian},
	Journal = {Geophysical Journal International},
	Month = may,
	Number = {2},
	Pages = {584--595},
	Title = {The role of seismicity models in probabilistic seismic hazard estimation: comparison of a zoning and a smoothing approach},
	Volume = {165},
	Year = {2006}}

@article{werner_earthquake_2011,
	Author = {Werner, M. J. and Ide, K. and Sornette, D.},
	Journal = {Nonlinear Processes in Geophysics},
	Month = feb,
	Number = {1},
	Pages = {49--70},
	Title = {Earthquake forecasting based on data assimilation: sequential Monte Carlo methods for renewal point processes},
	Volume = {18},
	Year = {2011}}

@inproceedings{weatherill_hazard_2012,
	Author = {Weatherill, G. A. and Pagani, M. and Monelli, D.},
	Booktitle = {Proceedings of the 15th World Conference on Earthquake Engineering, Lisbon, Portugal, paper},
	Title = {The Hazard Component of the {GEM} Modeller's Toolkit: A Framework for the Preparation and Analysis of Probabilistic Seismic Hazard ({PSHA)} Input Tools},
	Year = {2012}}

@article{zechar_regional_2013-1,
	Author = {Zechar, J. D. and Schorlemmer, D. and Werner, M. J. and Gerstenberger, M. C. and Rhoades, D. A. and Jordan, T. H.},
	Journal = {Bulletin of the Seismological Society of America},
	Month = apr,
	Number = {{2A}},
	Pages = {787--798},
	Title = {Regional Earthquake Likelihood Models I: First-Order Results},
	Volume = {103},
	Year = {2013}}

@article{schorlemmer_earthquake_2007,
	Author = {Schorlemmer, D. and Gerstenberger, M. C. and Wiemer, S. and Jackson, D. D. and Rhoades, D. A.},
	Journal = {Seismological Research Letters},
	Month = jan,
	Number = {1},
	Pages = {17--29},
	Title = {Earthquake Likelihood Model Testing},
	Volume = {78},
	Year = {2007}}

@article{zhuang_jiancang_basic_2011,
	Author = {{Zhuang, Jiancang} and {Hainzl, Sebastian} and {Harte, David} and {Werner, Maximilian J.} and {Zhou, Shiyong}},
	Title = {Basic models of seismicity: spatiotemporal models},
	Year = {2011}}

@article{barros_intraplate_2009,
	Author = {Barros, Lucas Vieira and Assump{\c c}{\~a}o, Marcelo and Quintero, Ronnie and Caixeta, Daniel},
	Journal = {Tectonophysics},
	Month = apr,
	Number = {1-4},
	Pages = {37--47},
	Title = {The intraplate Porto dos Ga{\'u}chos seismic zone in the Amazon craton --- Brazil},
	Volume = {469},
	Year = {2009}}

@article{do_nascimento_spatio-temporal_2004,
	Author = {Do Nascimento, A. F. and Cowie, P. A. and Lunn, R. J. and Pearce, R. G.},
	Journal = {Geophysical Journal International},
	Month = jul,
	Number = {3},
	Pages = {1041--1052},
	Title = {Spatio-temporal evolution of induced seismicity at A{\c c}u reservoir, {NE} Brazil: Induced seismicity at A{\c c}u reservoir},
	Volume = {158},
	Year = {2004}}

@book{talwani_intraplate_2014,
	Address = {New York},
	Editor = {Talwani, Pradeep},
	Publisher = {Cambridge University Press},
	Title = {Intraplate earthquakes},
	Year = {2014}}

@article{storchak_public_2013,
	Author = {Storchak, D. A. and Di Giacomo, D. and Bondar, I. and Engdahl, E. R. and Harris, J. and Lee, W. H. K. and Villasenor, A. and Bormann, P.},
	Journal = {Seismological Research Letters},
	Month = sep,
	Number = {5},
	Pages = {810--815},
	Title = {Public Release of the {ISC-GEM} Global Instrumental Earthquake Catalogue (1900-2009)},
	Volume = {84},
	Year = {2013}}

@misc{iag-usp_boletim_2013,
	Author = {IAG-USP},
	Month = aug,
	Title = {Boletim S{\'\i}smico Brasileiro},
	Year = {2013}}

@article{casertano_statistical_1982,
	Author = {Casertano, Lorenzo},
	Journal = {pure and applied geophysics},
	Number = {4},
	Pages = {840--849},
	Title = {A statistical analysis of upper and lower limits of earthquake magnitude},
	Volume = {120},
	Year = {1982}}

@article{choi_nonparametric_2001,
	Author = {Choi, Edwin and Hall, Peter},
	Journal = {Lecture Notes-Monograph Series},
	Pages = {324--344},
	Title = {Nonparametric analysis of earthquake point-process data},
	Year = {2001}}

@article{baker_introduction_2008,
	Author = {Baker, Jack W.},
	Journal = {White paper, version},
	Pages = {72},
	Title = {An introduction to probabilistic seismic hazard analysis ({PSHA)}},
	Volume = {1},
	Year = {2008}}

@article{petersen_appendix_????,
	Author = {Petersen, Mark and Mueller, Charles and Frankel, Arthur and Zeng, Yuehua},
	Title = {Appendix J: Spatial Seismicity Rates and Maximum Magnitudes for Background Earthquakes}}

@article{woessner_theme_????,
	Author = {Woessner, J. and Hardebeck, J. and Hauksson, E.},
	Title = {Theme {IV--Understanding} Seismicity Catalogs and their Problems}}

@article{mignan_theme_????,
	Author = {Mignan, Arnaud and Woessner, Jochen},
	Title = {Theme {IV--Understanding} Seismicity Catalogs and their Problems}}

@article{mignan_functional_2012,
	Author = {Mignan, A.},
	Journal = {Journal of Geophysical Research},
	Month = aug,
	Number = {B8},
	Title = {Functional shape of the earthquake frequency-magnitude distribution and completeness magnitude},
	Volume = {117},
	Year = {2012}}

@article{marotta_strain_2013,
	Author = {Marotta, Giuliano Sant'Anna and Fran{\c c}a, George Sand and Galera Monico, Jo{\~a}o Francisco and Fuck, Reinhardt Adolfo and Oswaldo de Ara{\'u}jo Filho, Jos{\'e}},
	Journal = {Journal of South American Earth Sciences},
	Month = nov,
	Pages = {136--141},
	Title = {Strain rate of the South American lithospheric plate by {SIRGAS-CON} geodetic observations},
	Volume = {47},
	Year = {2013}}

@article{marsan_david_seismicity_2012,
	Author = {{Marsan, David} and {Stiphout, Thomas van} and {Zhuang, Jiancang}},
	Title = {Seismicity declustering},
	Year = {2012}}

@article{naylor_theme_????,
	Author = {Naylor, Mark and Orfanogiannaki, Katerina and Harte, David},
	Title = {Theme {III--Statistical} Foundations}}

@article{zechar_theme_????,
	Author = {Zechar, J. Douglas},
	Title = {Theme {VI--Earthquake} Predictability \& Related Hypothesis Testing}}
