
@article{zechar_likelihood-based_2010,
	title = {Likelihood-Based Tests for Evaluating Space-Rate-Magnitude Earthquake Forecasts},
	volume = {100},
	issn = {0037-1106},
	url = {http://www.bssaonline.org/cgi/doi/10.1785/0120090192},
	doi = {10.1785/0120090192},
	language = {en},
	number = {3},
	urldate = {2014-04-15},
	journal = {Bulletin of the Seismological Society of America},
	author = {Zechar, J. D. and Gerstenberger, M. C. and Rhoades, D. A.},
	month = jun,
	year = {2010},
	pages = {1184--1195},
	file = {2010_zechar_tests.pdf:/Users/pirchiner/Library/Application Support/Zotero/Profiles/3ysk42on.default/zotero/storage/BNTQ5F9D/2010_zechar_tests.pdf:application/pdf}
}