
@article{assumpcao_2004,
	title = {Intraplate seismicity in {SE} Brazil: stress concentration in lithospheric thin spots},
	volume = {159},
	issn = {{0956540X}, {1365246X}},
	shorttitle = {Intraplate seismicity in {SE} Brazil},
	url = {http://gji.oxfordjournals.org/cgi/doi/10.1111/j.1365-246X.2004.02357.x},
	doi = {10.1111/j.1365-246X.2004.02357.x},
	language = {en},
	number = {1},
	urldate = {2014-06-18},
	journal = {Geophysical Journal International},
	author = {Assumpção, Marcelo and Schimmel, Martin and Escalante, Christian and Roberto Barbosa, José and Rocha, Marcelo and Barros, Lucas V.},
	month = oct,
	year = {2004},
	pages = {390--399}
}