
@article{rhoades_2011,
	title = {Efficient testing of earthquake forecasting models},
	volume = {59},
	issn = {1895-6572, 1895-7455},
	url = {http://www.springerlink.com/index/10.2478/s11600-011-0013-5},
	doi = {10.2478/s11600-011-0013-5},
	language = {en},
	number = {4},
	urldate = {2014-06-18},
	journal = {Acta Geophysica},
	author = {Rhoades, David A. and Schorlemmer, Danijel and Gerstenberger, Matthew C. and Christophersen, Annemarie and Zechar, J. Douglas and Imoto, Masajiro},
	month = aug,
	year = {2011},
	pages = {728--747}
}