
@article{woo_1996,
	title = {Kernel estimation methods for seismic hazard area source modeling},
	volume = {86},
	url = {http://www.bssaonline.org/content/86/2/353.short},
	number = {2},
	urldate = {2014-03-20},
	journal = {Bulletin of the Seismological Society of America},
	author = {Woo, Gordon},
	year = {1996},
	pages = {353–362},
	file = {Woo-1996-BSSA-kernel-PSHA.pdf:/Users/pirchiner/Library/Application Support/Zotero/Profiles/3ysk42on.default/zotero/storage/E2GJX5DR/Woo-1996-BSSA-kernel-PSHA.pdf:application/pdf}
}

@article{helmstetter_2012,
	title = {Adaptive Spatiotemporal Smoothing of Seismicity for Long-Term Earthquake Forecasts in California},
	volume = {102},
	url = {http://www.bssaonline.org/content/102/6/2518.short},
	number = {6},
	urldate = {2014-04-15},
	journal = {Bulletin of the Seismological Society of America},
	author = {Helmstetter, Agnès and Werner, Maximilian J.},
	year = {2012},
	pages = {2518–2529},
	file = {2012_helmstetter_werner_akde_LT_california.pdf:/Users/pirchiner/Library/Application Support/Zotero/Profiles/3ysk42on.default/zotero/storage/KWQ6JVXD/2012_helmstetter_werner_akde_LT_california.pdf:application/pdf}
}

@article{stock_smith_2002,
	title = {Comparison of seismicity models generated by different kernel estimations},
	volume = {92},
	url = {http://www.bssaonline.org/content/92/3/913.short},
	number = {3},
	urldate = {2014-04-15},
	journal = {Bulletin of the Seismological Society of America},
	author = {Stock, Christian and Smith, Euan {GC}},
	year = {2002},
	pages = {913–922},
	file = {2002b_stock_smith.pdf:/Users/pirchiner/Library/Application Support/Zotero/Profiles/3ysk42on.default/zotero/storage/362UKG82/2002b_stock_smith.pdf:application/pdf}
}

@article{ragunathan_seismic_2012,
	title = {Seismic Hazard Analysis for Chennai using Cluster-Based Kernel Density Estimation},
	url = {http://www.kluniversity.in/ace-klu/img/inv03.pdf},
	urldate = {2014-04-15},
	author = {Ragunathan, P. and Ramanna, C. K. and Dodagoudar, G. R.},
	file = {2011_akde.pdf:/Users/pirchiner/Library/Application Support/Zotero/Profiles/3ysk42on.default/zotero/storage/9NZDHKSH/2011_akde.pdf:application/pdf}
}

@phdthesis{beauval_analyse_2003,
	title = {Analyse des incertitudes dans une estimation probabiliste de l'aléa sismique, exemple de la France},
	url = {http://hal.ird.fr/tel-00673231/},
	urldate = {2014-04-15},
	school = {Université Joseph-Fourier-Grenoble I},
	author = {Beauval, Céline},
	year = {2003},
	file = {Beauval-2004-these.pdf:/Users/pirchiner/Library/Application Support/Zotero/Profiles/3ysk42on.default/zotero/storage/5R8D2NR7/Beauval-2004-these.pdf:application/pdf}
}

@article{hutton_earthquake_2010,
	title = {Earthquake monitoring in southern California for seventy-seven years (1932–2008)},
	volume = {100},
	url = {http://www.bssaonline.org/content/100/2/423.short},
	number = {2},
	urldate = {2014-04-15},
	journal = {Bulletin of the Seismological Society of America},
	author = {Hutton, Kate and Woessner, Jochen and Hauksson, Egill},
	year = {2010},
	pages = {423–446},
	file = {Hutton2010.pdf:/Users/pirchiner/Library/Application Support/Zotero/Profiles/3ysk42on.default/zotero/storage/FS3PZ8AK/Hutton2010.pdf:application/pdf}
}

@article{werner_2011,
	title = {High-Resolution Long-Term and Short-Term Earthquake Forecasts for California},
	volume = {101},
	issn = {0037-1106},
	url = {http://www.bssaonline.org/cgi/doi/10.1785/0120090340},
	doi = {10.1785/0120090340},
	language = {en},
	number = {4},
	urldate = {2014-04-15},
	journal = {Bulletin of the Seismological Society of America},
	author = {Werner, M. J. and Helmstetter, A. and Jackson, D. D. and Kagan, Y. Y.},
	month = aug,
	year = {2011},
	pages = {1630--1648},
	file = {WernerHelmstetterJacksonKagan-CaliforniaForecasts-BSSA-2011.pdf:/Users/pirchiner/Library/Application Support/Zotero/Profiles/3ysk42on.default/zotero/storage/TRMFTPIE/WernerHelmstetterJacksonKagan-CaliforniaForecasts-BSSA-2011.pdf:application/pdf}
}

@article{wiemer_2000,
	title = {Earthquake Statistics and Earthquake Prediction Research},
	url = {http://www.zlg.ethz.ch/downloads/publ/publ_Bl15/StefanWiemer.pdf},
	urldate = {2014-04-15},
	journal = {Institute of Geophysics; Zürich, Switzerland},
	author = {Wiemer, Stefan},
	year = {2000},
	file = {Wiemer_EarthquakeStatisticsAndEarthquakePredictionResearch.pdf:/Users/pirchiner/Library/Application Support/Zotero/Profiles/3ysk42on.default/zotero/storage/S8IJ2DPW/Wiemer_EarthquakeStatisticsAndEarthquakePredictionResearch.pdf:application/pdf}
}
